2313 3090
1180 181 1255 215 278

280 289 495 323 Roesslinum
541 288 715 322 Daliconis
753 292 784 321 et
820 286 1008 320 Johannem
1044 285 1167 320 dictum
1204 285 1352 331 Nymant
1391 287 1485 319 cives
1523 283 1780 319 Olomucenses.
1818 294 1952 318 necnon
1989 283 2154 318 famosum

281 353 390 384 virum
426 350 669 383 Wenceslauni
695 348 856 394 Doleplas
886 347 926 381 de
956 346 1110 393 Bystricz
1140 347 1297 381 clientem
1327 345 1439 380 Olom.
1471 345 1628 389 diocesis,
1658 357 1761 380 veros
1792 350 1825 379 et
1854 346 2037 390 legittimos
2066 345 2152 378 dicte

282 411 410 456 capelle
449 413 554 444 sancti
593 409 722 443 Nicolai
761 411 793 442 in
831 410 1009 454 cymiterio
1048 411 1154 442 sancti
1184 406 1338 441 Mauricii
1367 409 1398 440 in
1429 406 1592 440 Olomucz
1622 412 1783 453 patronos
1813 411 1846 440 et
1874 409 1908 440 in
1935 408 2154 452 possessione

281 471 337 505 vel
373 474 467 516 quasi
499 472 584 514 juris
620 469 836 515 presentandi
874 472 1072 504 existentes.
1111 468 1196 503 infra
1236 473 1364 501 certum
1401 472 1434 501 et
1472 467 1617 501 debitum
1657 472 1787 513 tempus
1817 471 1850 501 et
1879 467 1962 500 alias
1991 468 2155 500 canonice

282 532 473 566 reverendo
502 534 534 564 111
563 529 696 564 Christo
718 533 802 575 patri
823 534 856 563 et
876 530 1011 564 domino
1033 530 1168 564 domino
1198 529 1340 563 Nicolao
1371 531 1530 574 episcopo
1561 527 1779 563 Olomucensi
1809 533 1865 562 aut.
1894 530 1996 574 ipsius
2026 529 2154 561 vicario

282 597 313 627 in
356 591 583 638 spiritualibus
621 591 775 636 generali
811 596 1024 636 presentatus
1063 590 1313 625 confirmandus
1342 589 1563 624 instituendus
1602 590 1640 623 ad
1685 590 1850 635 capellam
1889 591 1996 623 sancti
2023 587 2156 622 Nicolai

282 654 486 700 111-0111010101
530 657 639 685 tamen
683 651 788 685 dictus
831 651 1040 686 honorabilis
1069 655 1122 686 vir
1165 651 1318 685 dominus
1356 649 1526 696 Philippus
1555 661 1725 693 asserens„
1756 661 1792 684 se
1831 653 2058 696 presentatum
2081 656 2156 694 'per

283 717 533 748 serenissimum
555 715 741 758 principem
763 712 932 746 dominnm
953 712 1116 747 Jodocum
1139 712 1369 747 marchionem
1390 717 1423 745 et
1452 711 1620 745 dominum
1650 711 1804 745 Moravie
1834 713 1954 756 quovis
1984 710 2025 744 de
2054 709 2155 751 facto,

283 779 334 809 cui
357 780 465 808 tamen
487 774 612 807 nullum
630 775 686 818 jus
717 777 876 820 competit
904 774 1120 819 presentandi
1150 773 1313 819 capellani
1342 773 1382 806 ad
1412 772 1566 814 eandem,
1597 775 1700 818 ipsius
1730 772 1854 806 domini
1883 771 1972 805 Petri
2007 781 2156 817 presen-

287 839 407 869 tacioni
428 838 634 869 institucioni
656 839 686 868 et
718 834 971 869 confirmacioni
1001 846 1037 869 se
1068 837 1223 880 opposuit
1253 839 1285 868 et
1313 836 1451 879 opponit
1479 836 1654 879 ipsumque
1684 833 1857 879 impedivit
1887 836 1919 866 et
1948 832 2086 878 impedit
2114 831 2154 865 de

282 898 383 939 facto,
423 896 481 930 sed
520 907 586 930 non
628 896 668 929 de
694 897 782 940 jure.
814 899 992 941 quominus
1021 899 1124 942 ipsius
1154 895 1278 929 domini
1307 894 1395 928 Petri
1425 897 1640 939 presentacio
1671 896 1840 927 institucio
1871 898 1903 927 et,
1938 891 2155 927 confirmacio

283 969 376 991 suum
416 968 533 991 verum
574 956 719 991 debitum
760 960 950 991 sorciantur
986 961 1017 991 et
1046 959 1159 991 sortiri
1189 959 1316 1002 possint
1346 955 1512 990 effectum.
1543 958 1574 988 111
1606 958 1715 988 anime
1745 965 1804 988 sue
1833 965 1942 999 grave
1971 953 2156 1000 periculum

283 1022 453 1064 ipsiusque
496 1018 621 1051 domini
664 1017 751 1051 Petri
794 1018 1015 1063 preiudicium
1059 1029 1127 1052 non
1157 1018 1322 1051 modicum
1354 1021 1384 1050 et
1415 1027 1617 1060 gravamen.
1649 1014 1761 1057 Quare
1792 1015 1927 1049 domine
1958 1014 2155 1049 honorande

282 1083 361 1126 petit
388 1084 588 1125 procurator
616 1084 645 1112 et
677 1082 912 1125 procuratorio
942 1082 1088 1122 nomine,
1118 1090 1183 1124 qno
1213 1089 1325 1123 supra,
1356 1088 1416 1123 per
1446 1087 1507 1110 vos
1537 1077 1707 1109 dominnm
1737 1075 1971 1110 honorandum
2001 1086 2156 1121 pronun-

283 1144 364 1174 ciari
399 1141 535 1174 decerni
567 1145 599 1174 et
628 1141 805 1177 declararb
836 1143 939 1185 ipsius
969 1140 1093 1174 domini
1123 1139 1212 1173 Petri
1242 1141 1534 1185 presentacionem
1566 1148 1668 1183 super
1697 1137 1861 1183 capellam
1892 1139 2000 1170 sancti
2028 1136 2158 1170 Nicolai

285 1203 467 1248 predictam
490 1201 530 1235 de
551 1204 623 1246 ipso
645 1200 765 1234 factam
790 1200 862 1234 fore
894 1200 996 1235 fuisse
1025 1206 1057 1235 et
1088 1211 1164 1234 esse
1194 1203 1389 1233 canonicam
1420 1210 1583 1243 suumque
1612 1209 1731 1231 verum
1761 1202 1795 1231 et
1823 1197 1970 1231 debitum
2001 1197 2158 1231 debuisse

285 1268 319 1296 et
348 1262 473 1296 dehere
494 1265 606 1295 sortiri
637 1262 804 1303 effectum,
835 1265 1011 1308 ipsumque
1040 1262 1209 1295 dominum
1242 1263 1365 1294 virtute
1395 1270 1454 1293 sue
1485 1262 1753 1305 presentacionis
1783 1258 1856 1293 fore
1885 1258 1990 1292 fuisse
2019 1263 2052 1292 et
2079 1269 2157 1292 ‘esse

284 1327 369 1358 iuste
399 1322 662 1357 confirmandum
694 1323 944 1365 instituemtum,
975 1325 1100 1356 institui
1130 1327 1163 1356 et
1192 1321 1383 1355 contii-mari
1413 1320 1538 1354 debere
1568 1321 1608 1353 ad
1638 1320 1799 1365 capellam
1830 1322 1936 1353 sancti
1964 1318 2097 1354 Nicolai
2125 1321 2159 1352 in

285 1387 462 1431 cymiterio
502 1387 609 1417 sancti
644 1383 797 1418 Mauricii
835 1386 865 1417 111
906 1383 1093 1417 Olomuncz
1122 1387 1355 1425 niemorataim
1385 1385 1514 1427 ipsique
1544 1381 1678 1415 domino
1707 1380 1859 1427 Philippo
1889 1383 2070 1414 occasione
2099 1391 2159 1414 sue

284 1448 554 1491 presentacionis
597 1449 756 1491 111-0101150
798 1445 922 1478 11111111111
963 1447 1018 1489 ι1115
1062 1447 1284 1490 compeciisse
1314 1455 1377 1477 nec
1407 1447 1601 1488 competere
1632 1442 1757 1476 dehere
1786 1442 1825 1476 ad
1857 1442 2018 1488 capellam
2055 1444 2161 1476 sancti

286 1506 416 1540 Nicolai
457 1510 703 1551 prenarratann
742 1509 871 1551 ipsique
908 1517 1010 1551 super
1039 1509 1108 1552 ipsa
1139 1505 1270 1550 capella
1301 1516 1340 1537 ac
1369 1516 1429 1537 sue
1463 1506 1731 1549 presentacionis
1760 1508 1959 1549 perpetuum
1989 1503 2161 1537 silencium

289 1568 361 1601 l‘ore
409 1572 439 1600 et
481 1578 556 1600 esse
595 1567 831 1612 imponendum
868 1578 906 1599 ac
949 1569 1073 1612 imponi
1117 1566 1243 1600 debere
1286 1577 1368 1599 vera
1412 1567 1583 1599 sentencia
1628 1563 1802 1598 diffinitiva
1850 1563 2030 1598 mediante.
2078 1562 2163 1597 Petit

288 1639 458 1674 expensas
506 1631 539 1661 111
584 1628 690 1661 literis
739 1628 844 1661 saetas
893 1632 924 1661 et
973 1627 1013 1661 de
1061 1627 1223 1661 faciendis
1271 1631 1477 1672 protestatur
1523 1626 1617 1660 salvo
1653 1627 1730 1669 jure
1777 1625 1934 1667 addendi,
1983 1624 2164 1661 minuendi.

286 1689 489 1734 corrigendi.
528 1689 783 1734 interpretandi,
812 1688 910 1721 alium
942 1687 1091 1722 libellum
1113 1688 1153 1722 de
1174 1699 1264 1721 novo
1286 1687 1383 1721 dandi
1413 1689 1604 1731 ceterisque
1629 1687 1715 1730 juris
1745 1685 1918 1720 beneficiis
1949 1689 1979 1720 in
2009 1684 2163 1720 omnibus

288 1750 348 1783 sibi
389 1749 657 1795 competentibus
687 1760 822 1795 semper
852 1750 969 1783 salvis.
999 1750 1038 1783 ad
1070 1752 1264 1783 necessaria
1294 1760 1330 1782 se
1361 1748 1534 1781 dumtaxat.
1568 1749 1758 1791 astringens
1788 1746 2008 1792 probaturum
2038 1750 2071 1780 et
2098 1757 2165 1780 non

287 1812 368 1844 alias
404 1822 513 1855 neque
553 1810 649 1844 ultra.
692 1809 814 1844 Contra
855 1821 952 1855 quem
990 1821 1050 1855 pro
1080 1815 1174 1856 parte
1204 1810 1348 1843 adversa
1379 1811 1484 1842 eciam
1518 1808 1649 1841 tihellus
1680 1807 1811 1841 oblatus
1842 1807 1901 1841 fuit
1931 1812 1964 1841 et
1992 1811 2163 1853 receptus.

288 1872 358 1905 Lite
396 1874 497 1916 igitur
533 1883 646 1904 coram
688 1871 783 1905 nobis
814 1871 968 1904 hincinde
999 1876 1186 1905 contestata
1217 1875 1250 1904 et
1279 1881 1295 1903 a
1326 1869 1474 1916 partibus
1504 1869 1544 1902 de
1575 1869 1763 1914 calumpnia
1793 1868 1929 1902 vitanda
1960 1872 1993 1902 et
2021 1871 2166 1902 veritate

289 1933 428 1965 dicenda
469 1934 668 1976 juramentis
712 1935 869 1978 receptis,
915 1932 1067 1977 datisque
1109 1931 1266 1966 hincinde
1305 1930 1502 1976 quibusdam
1533 1929 1681 1963 articulis
1712 1935 1744 1962 et
1773 1940 1834 1974 per
1862 1933 2024 1974 utrasque
2052 1933 2166 1974 partes

290 1996 391 2026 certis
437 1994 530 2027 t'actis
569 1993 844 2039 responsionibus
887 1993 926 2026 ad
970 2004 1041 2030 eosq
1084 1993 1323 2038 productisque
1366 2002 1426 2037 pro
1465 1995 1560 2035 parte
1590 1991 1667 2023 dicti
1698 1990 1822 2023 domini
1853 1989 1940 2024 Petri
1970 1988 2167 2034 quibusdam

292 2053 431 2087 testibus
470 2059 501 2087 et
541 2057 765 2090 munimentis*
804 2056 883 2099 ipsis
913 2064 1045 2098 quoque
1082 2055 1227 2098 receptis
1258 2055 1347 2098 prius
1378 2051 1418 2084 ab
1448 2051 1574 2084 eisdem
1607 2051 1647 2085 de
1676 2054 1821 2085 veritate
1851 2050 1990 2084 dicenda
2022 2052 2168 2096 receptis

293 2114 526 2160 corporalibus
557 2117 770 2158 juramentis.
813 2119 947 2148 secrete
991 2119 1023 2148 et
1051 2115 1218 2159 sigillatim
1250 2124 1344 2147 more
1374 2113 1473 2146 solito
1505 2117 1534 2145 et
1567 2118 1729 2146 consueto
1760 2115 1960 2146 examinatis
1990 2115 2024 2144 et
2052 2122 2168 2145 eorum

293 2177 379 2208 dicta
424 2178 455 2208 in
499 2178 631 2221 scriptis
675 2176 819 2210 redactis
868 2180 899 2209 et
942 2176 1073 2209 tandem
1118 2174 1312 2221 publicatis3
1356 2180 1470 2208 contra
1516 2187 1579 2221 que
1609 2186 1669 2220 pro
1699 2178 1794 2220 parte
1824 2174 1967 2207 adversa
2007 2183 2074 2206 non
2111 2171 2171 2206 fuit

298 2240 476 2281 exceptum
499 2247 560 2269 1100
582 2236 622 2269 de
639 2238 716 2280 jure
737 2248 797 2270 suo
819 2237 940 2282 aliquid
964 2236 1175 2282 productum.
1198 2236 1255 2269 sed
1278 2235 1409 2269 demum
1440 2235 1579 2269 Andr-ea
1601 2235 1716 2269 Treris
1746 2239 1780 2268 et
1808 2237 1971 2279 magistro
2000 2232 2100 2267 Petro
2130 2233 2171 2266 de

295 2297 381 2330 Saez
404 2296 678 2341 procuratoribus
700 2300 847 2342 parcium
869 2297 1094 2343 predictarum
1134 2295 1328 2329 instantibus
1360 2301 1391 2329 et
1413 2299 1443 2330 111
1475 2296 1662 2330 huiusmodi
1693 2299 1803 2329 causis
1833 2293 2111 2329 concludentibus
2141 2298 2172 2328 et

297 2357 451 2390 concludi
494 2358 683 2403 petentibus
728 2361 757 2391 111
797 2359 914 2391 eadem
959 2358 1184 2391 conclusimus
1227 2361 1259 2390 et
1301 2368 1374 2390 011111
1419 2358 1544 2391 eisdem
1585 2357 1760 2390 habuimus
1789 2367 1849 2402 pro
1879 2355 2054 2399 concluso,
2084 2355 2170 2389 diem

298 2417 493 2451 hodiernam
517 2430 575 2463 pro
597 2419 760 2452 audienda
783 2419 956 2452 dil'linitiva
987 2421 1159 2452 sentencia
1190 2418 1315 2451 eisdem
1347 2422 1542 2452 statuentes.
1576 2418 1645 2452 Nos
1674 2421 1785 2463 itaque
1816 2416 1988 2451 ι1011110005
2018 2415 2172 2450 officialis

299 2478 535 2512 Olomueensis
557 2479 644 2512 dicte
666 2491 767 2513 0111150
789 2482 937 2513 materiis
959 2482 1040 2513 visis
1061 2483 1091 2512 et
1123 2481 1280 2524 inspectis
1312 2484 1345 2512 et
1374 2491 1446 2513 01101
1479 2479 1588 2512 debita
1620 2480 1799 2523 diligencia
1830 2479 2003 2521 discussis,
2033 2476 2173 2511 Andrea

298 2538 415 2571 Treris
436 2543 468 2572 et
490 2542 651 2581 mag-istro
675 2540 772 2573 l'etro
795 2541 834 2573 de
866 2540 951 2574 Sacz
981 2539 1256 2586 procuratoriluis
1287 2543 1434 2585 parcium
1466 2541 1690 2586 predictarum
1722 2551 1834 2573 eoram
1866 2538 1961 2574 001115
1991 2542 2022 2573 10
2049 2538 2173 2583 judicio

300 2600 571 2645 eomparentilnis
593 2605 622 2633 01
648 2604 854 2634 sentenciam
878 2606 1026 2634 nostram
1049 2600 1257 2634 diffinitivam
1280 2604 1310 2634 in
1340 2613 1440 2635 causa
1472 2604 1619 2647 presenti
1650 2601 1730 2635 l'erri
1761 2599 2004 2647 postulantibus
2034 2598 2174 2633 eandem

302 2664 330 2693 111
354 2664 486 2706 seriptis
510 2662 643 2694 tulimus
665 2664 694 2694 111
718 2661 806 2694 hunc
827 2662 982 2695 niodum:
1005 2660 1127 2695 Christi
1150 2664 1284 2694 nomine
1304 2664 1463 2695 invocato
1486 2673 1546 2707 pro
1578 2661 1733 2695 tribunali
1764 2660 1922 2695 sedentes
1952 2664 1985 2693 et
2014 2658 2175 2694 habentes
