2313 3090
1195 197 1269 231 230

299 304 454 338 volumus
492 316 558 338 non
596 305 742 338 extendi.
782 304 840 337 sed
880 303 1001 336 nullum
1040 314 1100 348 per
1136 301 1201 335 hoc
1237 305 1285 335 eis
1324 301 1431 346 quoad
1471 305 1722 335 assecucionem
1753 300 1992 335 beneficiorum
2028 302 2165 335 aliorum

299 365 515 410 preiudicium
547 368 703 410 generari
735 370 764 397 et
795 363 993 409 quibuslibet
1023 364 1151 397 litteris.
1184 363 1406 407 indulgenciis
1438 366 1479 395 et
1498 363 1683 408 privilegiis
1721 362 1913 408 apostolicis
1951 361 2166 406 generalibus

297 426 351 459 vel
394 425 605 471 specialilius.
650 436 925 471 quorumcunque
962 429 1115 458 tenorum
1155 427 1312 457 existant.
1351 435 1411 469 per
1447 435 1511 468 que
1548 423 1759 469 presentibus
1797 434 1863 457 non
1906 434 2068 469 expressa
2111 422 2166 457 vel

297 487 441 520 totaliter
478 497 542 519 3011
582 489 703 519 inserta
744 485 882 519 effectus
917 496 1030 519 earum
1072 485 1222 530 impediri
1249 485 1359 518 valeat
1396 484 1644 529 quomodolibet
1683 485 1737 518 vel
1767 484 1885 518 differi.
1916 488 1946 517 et
1977 484 2018 517 de
2047 482 2166 529 quibus

298 558 505 592 quorumque
549 550 623 580 totis
666 546 838 579 tenoribus
883 546 923 579 (le
952 545 1059 579 verbo
1098 545 1137 578 ad
1167 544 1308 578 verbum
1346 544 1461 578 haberi
1501 544 1620 579 debeat
1657 549 1688 579 111
1727 548 1850 579 nostris
1887 545 2004 578 litteris
2034 547 2165 578 mencio

298 608 462 653 specialis.
519 606 681 640 Volumus
722 611 843 640 autem.
883 606 968 652 quod
1008 609 1035 640 si
1072 617 1132 652 per
1169 616 1232 639 vos
1269 605 1434 651 prefatum
1473 610 1639 640 rectorem
1670 606 1809 652 abipsa
1839 605 1983 639 ecclesia
2013 607 2164 638 amoveri

298 670 485 712 contigerit.
517 672 547 699 ut
578 666 758 712 prefertur.
791 667 876 700 idem
907 671 1020 700 rector
1043 667 1165 700 nullam
1195 671 1333 712 propter
1362 669 1570 700 amocionem
1600 667 1788 701 huiusmodi
1827 666 1963 700 infamie
2001 665 2164 700 maculam

299 731 444 761 incurrat
475 731 548 761 sive
578 732 702 771 notam,
733 729 888 773 quodque
917 739 981 762 vos
1010 732 1134 761 extunc
1163 727 1301 772 singulis
1332 731 1427 761 annis
1457 728 1563 762 eidem
1593 731 1716 762 rectori
1747 727 1855 773 quoad
1877 726 2003 761 vixerit·
2023 738 2164 761 annuam

296 792 489 833 pensionem
521 791 654 833 triginta
673 788 883 822 marcharum
915 792 1046 833 argenti
1075 791 1147 834 puri
1168 791 1366 822 ministrare.
1389 800 1427 822 30
1446 789 1694 824 nichilominus,
1717 792 1893 833 antequam
1914 790 2163 833 possessionem

295 852 396 894 ipsius
427 849 571 882 ecclesie
588 848 845 894 apprehendere
875 849 1028 882 valeatis.
1060 849 1100 882 de
1129 849 1317 883 huiusmodi
1347 853 1509 895 pensione
1538 852 1705 883 annuatim
1735 849 1872 882 realiter
1891 853 1923 882 et
1949 859 2025 882 cum
2046 848 2164 882 effectu

294 909 518 955 persolvenda
550 909 658 943 eidem
688 913 813 943 rectori
842 910 996 944 idoneam
1027 913 1223 944 caucionem
1254 914 1406 956 prestare
1436 913 1613 944 teneamini
1644 915 1676 944 et
1696 913 1766 944 sitis
1791 912 1938 943 astricte.
1969 908 2010 942 Et
2030 912 2166 955 insuper

295 981 427 1003 exnunc
455 971 582 1004 irritum
615 970 827 1006 decernimus
857 976 887 1004 et
917 974 1027 1005 inane.
1059 974 1086 1005 si
1115 982 1213 1005 secus
1234 982 1335 1017 super
1355 971 1416 1005 hiis
1437 983 1453 1004 a
1477 982 1641 1017 quoquam
1664 973 1782 1016 quavis
1802 973 1999 1004 auctoritate
2020 973 2167 1004 scienter

294 1030 347 1064 vel
378 1033 573 1076 ignoranter
603 1034 780 1076 contigerit
811 1036 1020 1077 attemptare.
1053 1031 1139 1065 Nulli
1170 1043 1252 1077 ergo
1283 1035 1418 1065 omnino
1448 1032 1618 1065 hominum
1648 1031 1745 1065 liceat
1766 1030 1854 1064 hanc
1873 1033 2029 1076 paginam
2050 1035 2164 1065 nostre

294 1094 592 1137 incorporacionis.
623 1095 835 1126 annexionis.
866 1095 1008 1135 unionis,
1039 1095 1291 1126 constitucionis
1321 1097 1353 1126 et
1369 1093 1550 1126 voluntatis
1579 1091 1767 1137 infringere
1796 1091 1850 1124 vel
1880 1094 1909 1125 01
1939 1102 2021 1125 311511
2050 1095 2163 1125 teme-

293 1154 382 1185 rario
413 1155 593 1186 contraire.
625 1152 659 1186 Si
691 1156 763 1198 quis
793 1157 902 1187 autem
934 1153 997 1187 lioc
1027 1158 1225 1199 attemptare
1255 1156 1510 1199 presumpserit„
1540 1153 1811 1198 indignacionem
1842 1155 2078 1198 omnipotentis
2111 1152 2163 1186 dei

293 1217 325 1246 et
354 1212 527 1247 beatorum
567 1213 654 1247 Petri
693 1218 725 1247 et
766 1213 854 1247 Pauli
893 1214 1120 1260 apostolorum
1159 1217 1229 1248 eius
1269 1225 1304 1248 se
1340 1217 1474 1248 noverit
1503 1217 1726 1248 incursurum.
1784 1213 1905 1247 Datum
1939 1212 2048 1247 Rome
2077 1213 2162 1259 apud

292 1279 444 1308 sanctum
475 1274 606 1308 Petrum
637 1274 744 1308 idibus
774 1274 891 1309 Marcii
920 1274 1131 1320 pontificatus
1160 1278 1264 1309 nostri
1295 1286 1382 1309 anno
1412 1279 1519 1308 sexto.

604 1406 693 1440 (Orig.
718 1407 802 1441 Perg,
829 1407 879 1432 mit
902 1406 967 1431 anli.
992 1406 1096 1439 pabstl.
1123 1407 1240 1440 Bleisig,
1266 1407 1303 1432 im
1327 1416 1362 1432 31.
1387 1406 1607 1433 Landes-Areh.
1633 1407 1694 1433 Art.
1726 1405 1895 1440 Koniginkl.
1921 1405 1962 1431 lit.
1987 1405 2022 1433 G.
2047 1415 2073 1431 11.
2099 1403 2163 1442 24.)

1179 1579 1287 1614 240.

293 1656 487 1701 Marlfyral'
519 1656 655 1702 Prolfop
696 1668 760 1691 ron
801 1657 947 1691 Malu-en
983 1660 1168 1702 protestirt
1194 1670 1302 1703 qeyeti
1334 1658 1389 1691 die
1419 1668 1482 1690 ron
1513 1658 1638 1690 seinem
1670 1656 1810 1690 Bruder
1837 1656 1952 1691 ι1011011·
1979 1656 2160 1691 erlassene

463 1718 884 1762 Nichtiylseitserlsliirvmq
911 1720 1026 1752 semes
1054 1718 1421 1753 Snece.s·s2†0n31·eeletes
1451 1719 1485 1751 in
1515 1718 1569 1751 die
1601 1717 1702 1751 Marlf
1733 1717 1999 1761 Brandenbnry.

918 1779 976 1813 Dt.
1008 1779 1101 1823 Pras]
1131 1780 1191 1813 25.
1216 1780 1315 1813 Mctrz·
1345 1779 1539 1822 (1395).⁴÷)

449 1854 602 1921 procop
631 1886 699 1908 von
729 1879 804 1919 ‹gots
833 1875 967 1920 gnaden
997 1875 1176 1920 marggraf
1201 1887 1240 1908 zu
1271 1875 1422 1909 Mehren.
1467 1874 1597 1909 Erbarn
1626 1878 1769 1909 wiesen.
1811 1874 1996 1918 Bedenket,
2038 1875 2097 1910 das
2135 1878 2163 1909 ir

292 1946 352 1968 uns
390 1935 527 1980 gelobet
565 1935 628 1969 und
667 1947 851 1980 gesworen
892 1935 991 1969 hahet
1030 1939 1061 1970 in
1100 1935 1235 1970 sulcker
1272 1941 1369 1971 mate.
1410 1936 1451 1970 ob
1490 1937 1550 1970 der
1583 1935 1803 1980 hochgeborn
1832 1936 1939 1970 fiirste
1969 1935 2048 1970 herr
2076 1936 2162 1979 Jost,

291 2007 392 2029 unser
421 1996 556 2039 bruder,
586 2008 654 2030 von
684 1997 779 2031 todes
808 2008 932 2042 wegen
971 1997 1161 2042 abegienge
1199 1997 1281 2031 oder
1310 2001 1353 2031 nit
1384 2001 1455 2032 sein
1485 1997 1616 2041 wurde‚
1648 1997 1706 2031 das
1736 2000 1764 2031 ir
1793 2008 1833 2031 an
1863 2000 2011 2031 niemant.
2039 1997 2161 2031 anders

291 2058 399 2090 denne
429 2069 515 2091 anne
544 2069 605 2091 uns
635 2057 829 2091 zuversicht
858 2057 965 2092 haben
1005 2058 1112 2092 sullet.
1169 2058 1244 2092 Nun
1282 2057 1387 2092 1101011
1427 2062 1483 2092 wi.
1524 2059 1582 2092 das
1625 2070 1699 2093 man
1744 2058 1828 2092 011011
1872 2058 1995 2092 anders
2037 2057 2162 2092 wohen

289 2118 345 2151 wil
390 2121 585 2152 vorwisen:
625 2117 748 2152 'bidden
793 2121 857 2152 wir
899 2119 996 2163 euch‚
1042 2119 1100 2152 das
1143 2122 1170 2153 ir
1211 2118 1378 2153 bedenket
1421 2131 1503 2153 euer
1546 2131 1622 2153 ere.
1680 2118 1753 2152 eide
1796 2119 1860 2152 und
1903 2118 2050 2164 geliibde
2096 2118 2160 2152 und

290 2180 393 2213 lasset
431 2179 514 2212 euch
554 2179 695 2224 nii-gend
736 2179 801 2213 1103
831 2183 1004 2214 verwisen
1035 2180 1169 2217 anders.
1209 2181 1295 2214 (1033
1325 2180 1373 2214 315
1403 2183 1430 2214 11
1458 2191 1519 2214 uns
1548 2180 1687 2225 golovet
1716 2179 1834 2214 hahet:
1865 2191 1903 2214 so
1933 2191 2068 2214 mussen
2097 2183 2163 2214 wir

291 2239 374 2273 ober
403 2239 487 2273 euch
519 2240 604 2273 allen
635 2240 743 2273 enden
774 2240 859 2274 brife
889 2241 1016 2274 senden
1047 2241 1111 2275 und
1141 2240 1277 2286 klagen.
1308 2242 1366 2276 das
1396 2244 1424 2275 ir
1453 2241 1615 2275 truvelos.
1646 2241 1772 2275 eidelos
1802 2241 1866 2274 und
1897 2241 1986 2275 erlos
2019 2251 2060 2274 an
2098 2251 2160 2275 uns

290 2300 435 2334 wordet.
492 2300 586 2334 Docli
627 2300 771 2346 gcloben
800 2305 876 2343 wir,
916 2305 944 2335 ir
973 2303 1043 2336 seid
1074 2313 1111 2336 so
1139 2305 1247 2336 wiese
1276 2302 1341 2335 und
1371 2302 1469 2343 from,
1505 2302 1563 2335 das
1593 2304 1620 2334 ir
1649 2301 1770 2335 anders
1800 2301 1933 2335 nicliten
1964 2305 2044 2344 tuet,
2074 2300 2160 2335 denn

291 2372 363 2394 was
403 2364 428 2394 ir
467 2366 531 2394 met
562 2361 702 2395 rechten
732 2362 819 2395 unde
849 2374 928 2396 0103
960 2367 1036 2396 tuen
1066 2363 1173 2396 sullet.
1219 2361 1384 2407 Gegeven
1413 2373 1452 2396 zu
1483 2361 1591 2407 Prage
1621 2373 1672 2395 am
1703 2362 1929 2407 donnerstage
1958 2373 1998 2395 na
2028 2361 2159 2395 Letare.

604 2492 715 2526 (Riedvl
742 2493 812 2520 Cod.
839 2493 1002 2521 Brundeub.
1028 2493 1061 2521 B.
1087 2494 1142 2519 111.
1167 2503 1194 2528 p.
1223 2493 1307 2528 130.)

445 2687 474 2725 *)
501 2692 559 2721 Das
582 2692 785 2718 ,Jahresdatum
811 2699 960 2727 angesetzt
986 2695 1021 2720 im
1047 2694 1201 2720 Ilinblicke
1226 2694 1278 2719 auf
1299 2703 1326 2720 11.
1354 2694 1438 2727 258.)
