2313 3090
1060 195 1128 230 221

162 303 346 337 Jobannes.
376 305 437 348 piis
467 307 577 336 torsus
607 302 719 335 fratris
749 301 973 346 petitionibus.
1003 301 1117 335 literas
1147 301 1188 335 ad
1218 303 1371 337 diversas
1400 306 1560 348 regiones
1591 304 1711 337 direxit
1742 308 1773 337 et
1804 304 1973 350 epistolas.
2005 309 2036 337 et

159 375 370 409 conquerens
400 361 538 408 regibus
569 367 599 395 et
629 361 835 408 principibus
864 361 1080 406 singulariter
1109 363 1273 398 omnibns.
1304 364 1446 409 qualiter
1475 364 1601 398 domini
1631 369 1742 398 terrae
1763 364 1935 398 Bobemiae
1956 365 2036 398 illu-

158 427 357 459 strissimum
404 426 588 469 principem
627 427 657 455 et
698 422 867 456 dominum
906 422 1160 458 wenceslaum.
1201 424 1430 458 Romanorum
1470 430 1501 458 et
1541 424 1688 458 Boemiae
1728 436 1858 469 regem,
1889 429 2036 471 ipsorum

161 485 341 527 dominum‚
377 487 545 530 captivum
583 488 748 518 tenerent.
787 487 955 518 contrarie
995 484 1150 519 diversos
1189 490 1304 519 contra
1344 486 1497 519 dominos
1536 489 1567 519 in
1606 489 1674 520 suis
1708 486 1858 531 epistolis
1888 486 2038 519 formans

161 546 331 580 articulos.
368 548 459 591 ipsos
497 549 613 578 contra
651 544 819 578 dominum
850 556 944 578 suum
975 549 1007 578 et
1036 544 1172 579 fratrem
1203 549 1466 580 amantissimum
1498 546 1633 580 multum
1664 548 1805 591 injustos
1835 546 2037 592 approbans.

163 612 195 641 et
222 618 295 640 cum
327 606 391 640 hoc
421 605 593 651 explicans
624 606 758 638 multum
789 606 869 639 dare
899 606 1111 651 stipendium.
1141 611 1175 639 ut
1204 611 1318 652 posset
1348 606 1485 640 fratrem
1515 618 1608 641 suum
1632 607 1800 641 redimere
1821 610 1897 641 vice
1918 618 2038 649 versag

132 697 143 700 -
161 668 226 703 hoc
247 678 329 702 vero
359 667 480 712 singuli
501 671 669 700 amatores
699 666 854 712 stipendii
884 670 1120 713 percipientes.
1151 670 1205 712 qui
1234 672 1344 701 tamen
1375 673 1530 713 optamen
1556 669 1691 712 justitiae
1720 671 1799 714 ipsis
1829 668 1900 702 fieri
1930 679 2039 714 opor-

163 729 286 772 iebant,
325 733 423 762 antea
462 727 597 761 dimissa
631 729 770 771 justitiaq
801 727 841 761 ad
872 727 1019 761 thesauri
1050 727 1194 761 fluebant
1225 727 1429 762 donantiam.
1488 728 1601 773 Ibique
1632 729 1863 763 titinnabulum
1894 729 2039 763 diversis

162 789 349 823 conflarunt
369 788 527 829 consiliis,
550 788 637 833 quod
654 789 725 831 jam
745 799 805 821 suo
826 799 909 822 sono
931 799 1049 822 omnes
1069 792 1167 833 regni
1187 790 1382 823 insolentias
1402 801 1462 835 per
1483 793 1592 822 omnia
1615 790 1726 823 mundi
1747 790 1878 823 climata
1909 790 2039 835 depor-

162 853 254 884 tavit.
271 849 534 884 Considerantes
550 853 659 882 autem
681 849 780 893 aliqui
801 849 924 882 domini
945 848 1093 883 thesauri
1113 849 1323 883 dulcedinem
1342 850 1565 896 stipendiique
1583 851 1785 885 donantiam.
1803 854 1856 896 qui
1873 854 1964 896 prius
1980 862 2040 896 per

162 913 402 957 appensionem
418 910 603 954 sigillorum
620 921 754 943 suorum
777 921 842 943 non
864 909 938 943 ficta
959 913 1097 944 caritate
1118 910 1178 944 sed
1199 922 1299 944 cansa
1317 912 1452 955 justitiae
1473 912 1704 945 confoederati
1725 912 1857 945 suerunt
1879 913 2038 946 dominis:

161 972 223 1006 hos
236 971 464 1005 rubicunditas
477 975 646 1016 apostatas
659 970 800 1004 dominis
818 970 961 1004 reddidit
976 975 1007 1004 et
1024 982 1218 1016 perversos.
1237 976 1269 1005 et
1285 974 1332 1005 sic
1350 973 1487 1015 majoris
1502 972 1652 1006 salsitatis
1668 966 1830 1018 processit
1849 973 2040 1007 exordium.

162 1032 246 1067 Nam
264 1043 322 1066 ore
340 1032 446 1066 dulcia
468 1032 654 1078 proferunt.
677 1031 780 1065 corde
802 1032 952 1065 salsitatis
969 1036 1185 1076 augmentant
1202 1036 1394 1078 nequitiam,
1412 1044 1472 1078 per
1489 1032 1552 1066 hoc
1568 1033 1651 1066 alter
1666 1034 1761 1067 alteri
1778 1045 1854 1067 raro
1871 1033 2039 1067 adhibebit

163 1093 329 1127 fiduciam.
369 1093 455 1138 quod
491 1093 532 1126 ad
571 1095 717 1138 ipsorum
757 1092 958 1127 devolvetur
994 1098 1161 1138 posteros.
1218 1093 1356 1127 Illustris
1396 1099 1504 1127 autem
1535 1093 1708 1128 Johannes
1738 1094 1806 1128 dux
1836 1094 2041 1128 Gerlicensis

163 1142 320 1201 praefatus
341 1165 461 1198 magna
483 1154 659 1198 coagulata
681 1153 887 1187 multitudine
918 1154 1027 1200 populi
1058 1154 1262 1199 Pragensem
1293 1158 1461 1188 civitatem
1493 1154 1583 1189 adiit.
1614 1166 1679 1188 non
1709 1160 1742 1188 ut
1762 1159 1929 1189 incassum
1952 1167 2041 1188 con—

164 1219 324 1261 gregaret
355 1214 609 1248 multitudinem.
640 1214 699 1247 sed
730 1219 762 1247 ut
793 1226 908 1259 regem
939 1214 1075 1248 fratrem
1107 1226 1202 1249 suum
1233 1220 1263 1249 et
1294 1215 1463 1249 dominum
1494 1215 1635 1249 fideliter
1664 1216 1834 1250 liberaret.
1891 1216 2042 1250 Barones

165 1287 261 1319 vei-0,
294 1278 348 1321 qui
386 1286 503 1320 regem
533 1278 564 1308 in
596 1277 741 1321 ipsorum
773 1275 939 1309 habebant
967 1279 1126 1321 potentia.
1157 1276 1220 1310 hoc
1250 1281 1421 1322 perceth
1452 1287 1569 1321 regem
1599 1280 1631 1310 in
1661 1282 1807 1311 castrum
1836 1276 2042 1322 Crumpnaw

166 1338 290 1371 domini
318 1335 456 1370 Henrici
486 1335 526 1369 de
556 1335 772 1381 Rozemberg
801 1336 1024 1370 adduxerunt.
1082 1336 1180 1382 Saepe
1210 1336 1295 1370 fatus
1325 1341 1435 1370 antem
1466 1337 1533 1370 dux
1563 1340 1651 1371 circa
1683 1341 1851 1371 civitatem
1882 1337 2043 1371 Budweis

167 1409 241 1432 cum
279 1400 432 1431 exercitu
470 1408 531 1431 suo
569 1401 678 1431 castra
715 1402 857 1431 metatus
894 1402 955 1441 est,
986 1409 1046 1443 per
1075 1397 1139 1431 boc
1167 1398 1343 1441 incendiis,
1377 1397 1563 1431 homicidiis
1593 1398 1732 1443 aliisque
1762 1400 2042 1432 inconvenientiis

167 1459 231 1493 hoc
251 1470 339 1492 anno
361 1458 532 1492 diminutio
562 1463 612 1492 est
641 1457 780 1492 offensa.
837 1458 913 1492 Rex
943 1470 1026 1492 vero
1055 1459 1286 1502 considerans,
1316 1458 1403 1504 quod
1434 1459 1601 1493 modicum
1633 1459 1708 1504 qnid
1739 1459 1824 1492 aliud
1846 1459 1906 1493 sibi
1928 1462 2043 1504 posset

167 1519 344 1566 prolicere,
383 1521 445 1553 nisi
484 1530 535 1562 ea,
575 1530 647 1564 quae
677 1519 799 1552 domini
830 1524 967 1565 propter
1005 1530 1182 1553 commune
1220 1519 1343 1553 bonum
1373 1520 1582 1565 provinciale
1611 1525 1804 1566 poscerent,
1834 1523 1914 1565 ipsis
1943 1520 2043 1553 vellet

167 1580 314 1615 tribuere
349 1586 380 1615 et
419 1592 493 1614 cum
532 1580 642 1625 sigillo
684 1583 902 1614 serenissimo
941 1583 1043 1625 patris
1081 1584 1149 1614 suis
1188 1578 1263 1627 (sicli
1301 1580 1464 1614 Johannis
1503 1584 1700 1626 praescripti
1735 1581 1837 1614 literis
1867 1579 2044 1617 roborare.

169 1641 252 1683 Quid
282 1641 392 1675 ultra?
422 1641 529 1675 dicam
558 1640 718 1675 breviter.
777 1641 925 1685 Singula.
958 1652 1030 1686 quae
1059 1641 1244 1687 approbant
1273 1642 1409 1685 domini.
1440 1645 1563 1687 scripta
1585 1646 1658 1675 sunt
1680 1641 1865 1685 sigillorum
1886 1641 2043 1675 roborata

167 1702 393 1737 roboramine.
438 1702 495 1736 Sic
534 1706 674 1747 treugae
703 1706 777 1735 sunt
807 1705 933 1747 positae.
965 1713 1038 1735 cum
1070 1702 1133 1735 hoc
1163 1704 1322 1746 majestas
1352 1706 1446 1748 regia
1477 1708 1527 1736 est
1557 1705 1669 1736 missa.
1728 1702 1868 1743 Quando
1898 1713 1983 1735 vero
2004 1702 2044 1735 ad

168 1775 341 1798 recessum
379 1763 575 1806 conabatur,
614 1764 754 1809 populus
793 1766 901 1808 quivis
936 1763 1094 1797 solarium
1132 1773 1225 1797 suum
1256 1775 1274 1796 a
1305 1763 1390 1797 duce
1420 1775 1478 1797 sua
1509 1768 1664 1809 repetunt
1693 1764 1807 1805 literag
1838 1766 1892 1808 qui
1921 1766 2045 1796 emisso

117 1826 123 1833 ¹
169 1836 252 1869 rege
288 1824 435 1859 thesauri
473 1827 624 1870 privatus
664 1824 723 1858 suit
759 1824 883 1867 officio,
924 1828 956 1857 et
992 1823 1033 1857 ob
1072 1835 1138 1857 non
1174 1824 1373 1858 solutionem
1413 1824 1566 1870 stipendii
1605 1836 1665 1870 per
1701 1824 1924 1869 stipendarios
1966 1835 2045 1857 suos

170 1886 288 1920 multas
326 1896 520 1920 sermonum
559 1885 784 1931 blasphemias
822 1889 870 1918 est
906 1896 1099 1930 perpessus.
1157 1884 1234 1919 Dux
1264 1896 1347 1919 vero
1378 1889 1410 1919 in
1440 1897 1522 1929 rege
1552 1885 1720 1921 bonitatis.
1751 1889 1784 1918 et
1812 1884 2043 1918 fraternalem.

171 1950 277 1992 ipsum
314 1945 499 1989 liberando,
539 1946 683 1980 ostendit
719 1945 941 1979 clementiam.
982 1945 1058 1979 Rex
1088 1956 1170 1979 vero
1199 1946 1273 1980 duci
1302 1946 1503 1979 infidelitatis
1533 1950 1750 1990 angmentum
1781 1944 1902 1978 tribuit.
1960 1944 2043 1978 Nam

171 2010 262 2052 regis
291 2018 309 2041 a
339 2010 435 2053 cippo
465 2006 620 2040 liberavit
649 2018 802 2040 cuneum.
834 2010 866 2039 et
896 2006 988 2040 ducis
1018 2018 1158 2040 cuneum
1190 2009 1223 2040 in
1253 2010 1349 2053 cippo
1380 2007 1518 2040 tirmiter
1548 2018 1609 2039 rex
1639 2006 1781 2040 inclusit.

484 2111 625 2146 (Palackf⁷
652 2111 794 2138 Formelb.
819 2112 858 2139 Π.
884 2121 911 2145 p,
939 2111 1001 2145 9³⁴.)

1059 2258 1167 2294 229.

175 2332 366 2377 Marquaf
380 2332 503 2376 Jodolc,
534 2333 671 2367 ιΙοΙιαηη
703 2334 855 2379 Be'scleof
876 2347 941 2369 von
964 2335 1151 2380 Leitompssl
1180 2337 1248 2370 und
1276 2337 1330 2370 die
1360 2336 1579 2370 bolmniselten
1610 2335 1746 2369 Herren
1767 2335 1954 2368 sclaliessen
1987 2336 2040 2368 ein

175 2392 341 2437 Busirim-5,
373 2395 406 2427 ίιι
436 2394 592 2427 welclcem
622 2396 673 2428 sie
703 2395 791 2429 anch
821 2397 872 2429 die
898 2397 1065 2440 srahel-en
1105 2396 1271 2441 ts‘ertragqe
1301 2399 1359 2431 mit
1388 2397 1454 2430 «len
1484 2400 1608 2431 ostem:
1636 2396 1817 2439 Ilerzoyett
1854 2408 1893 2429 ΞΗ
1924 2395 2040 2428 hatten

634 2457 872 2500 rersprecleen.
906 2457 963 2491 Dt.
1004 2457 1192 2501 ll⁷flliuqan
1224 2458 1282 2492 10.
1312 2459 1446 2492 ,Ιιῖηηεν
1480 2457 1586 2491 1395.

331 2530 413 2596 My
450 2551 521 2585 Jost
560 2564 576 2584 z
616 2551 689 2585 boZi
727 2553 848 2586 milosti
886 2552 1063 2586 markrabe
1099 2566 1116 2586 a
1154 2556 1216 2598 pan
1253 2554 1449 2599 Moravsky,
1486 2554 1548 2587 Jan
1588 2553 1663 2587 take
1703 2553 1776 2587 bozi
1821 2553 1889 2587 voli
1929 2552 2047 2598 bisknp

174 2611 423 2658 Lutomyslsky3
467 2611 617 2645 Jindrich
654 2624 671 2645 z
706 2612 952 2657 Rosemberka,
995 2614 1145 2648 Jindrich
1175 2627 1192 2648 z
1228 2615 1372 2649 llradce.
1412 2613 1543 2647 menet<
1584 2626 1600 2647 z
1639 2614 1756 2659 Shaly,
1798 2613 1873 2646 Otta
1910 2612 2048 2657 Bergov

175 2683 193 2705 z
231 2672 374 2719 ffieltny,
419 2672 528 2706 Berka
567 2685 584 2706 z
622 2672 816 2708 llonsteina.
856 2673 963 2708 Vilem
1000 2687 1017 2708 z
1057 2676 1258 2717 LantSteina,
1302 2676 1364 2709 Jan
1405 2674 1568 2708 Michaivc
1612 2687 1629 2708 z
1671 2675 1886 2710 Michalovic.
1931 2673 2045 2707 Boc-ek
