2313 3090
1016 185 1084 219 123

115 292 310 324 auctoritate
327 293 439 323 vestra
457 292 711 323 conservatoria
731 289 826 323 vobis
843 301 859 323 a
882 290 962 324 sede
978 290 1139 336 predicta.
1161 293 1195 323 ut
1210 293 1421 335 premittitur.
1443 294 1622 324 commissa
1645 291 1842 326 decernere.
1865 292 1984 326 decla-

113 361 189 384 rare
218 354 250 384 et
270 349 412 383 diffinire
432 350 554 383 velitis.
576 349 695 395 prefati
717 350 913 396 Przybyslai
935 350 1155 384 donacionem
1178 354 1462 385 testamentariam
1484 363 1586 397 super
1608 352 1756 397 predicta
1779 353 1921 386 ecelesia
1954 357 1983 386 in

112 410 350 456 Krzyzanowe
380 422 419 443 ac
440 410 517 443 villa
547 415 577 444 et
600 410 686 444 villis
707 415 737 444 et
760 411 903 445 ecclesia
925 423 964 445 ae
994 411 1147 445 ecclesiis
1176 423 1237 458 pro
1267 416 1343 446 tunc
1373 411 1493 446 ibidem
1525 415 1584 445 sita
1615 417 1646 446 et
1667 415 1748 455 sitis.
1780 413 1931 447 edificata
1954 419 1984 448 et

112 470 304 505 edificandis
317 475 347 504 et
367 473 533 504 universis
550 482 589 504 ac
600 471 818 516 integralibus
831 472 968 505 decimis
985 471 1117 516 frugum
1131 473 1356 518 predictarum
1374 473 1527 506 villarum
1540 472 1773 516 Crewczdorf.
1786 473 1983 509 Bolidalaw.

112 531 320 570 Morawska„
358 531 491 565 Kossan
530 536 562 565 et
599 531 804 565 Mirascbaw
842 538 907 566 etc.
947 532 1063 578 quibus
1094 544 1192 578 supra
1224 533 1411 567 nominibus
1441 534 1632 579 supradicto
1663 534 1818 580 hospitali
1848 538 1985 568 racione

111 603 210 626 causa
240 595 390 638 perpetui
412 595 601 626 testamenti
622 593 717 635 datis,
750 593 909 637 elargitis.
941 593 1035 627 factis
1057 598 1087 626 et
1109 596 1330 639 appropriatis
1351 598 1381 627 et
1405 605 1464 640 per
1485 594 1699 628 diocesanum
1723 594 1982 629 Olomucensem

110 657 142 687 et
180 655 282 699 ipsius
322 657 423 686 totuin
463 653 640 698 capitulum
681 665 719 686 ae
758 665 916 687 romanos
954 654 1128 700 pontifices
1168 653 1382 688 confirmatas
1412 654 1527 690 fuisse.
1561 660 1703 701 protunc
1732 659 1817 689 sicut
1846 667 1981 690 exnunc

109 713 303 758 legitimam,
333 718 481 748 sanctam
512 725 551 747 ac
580 717 775 747 canonicam
809 718 1057 760 possessionem
1089 726 1221 760 quoque
1250 714 1422 760 pacificam
1454 715 1641 749 huiusmodi
1671 716 1875 750 decimarum
1898 717 1981 750 ultra

109 777 394 820 prescripcioncm
433 775 652 820 quadraginta
692 787 853 808 annorum
894 780 1104 809 servatarum
1144 780 1175 809 et
1212 781 1444 821 perceptarum
1484 788 1544 821 per
1573 777 1694 810 dictum
1724 781 1891 811 rectorem
1922 789 1981 811 seu

107 833 284 880 plebanum
322 845 384 880 pro
420 839 572 880 tempore
598 838 627 868 in
667 835 806 869 Krisans
847 839 1059 874 existentem.
1099 840 1129 869 et
1169 836 1256 870 dicto
1296 840 1419 870 rectori
1459 837 1630 883 hospitalis
1669 843 1700 871 et
1737 850 1920 884 pauperum
1951 842 1981 872 in

108 894 266 929 suburbio
296 895 462 929 Brunensi
491 898 579 929 circa
610 896 730 929 festum
761 900 865 930 sancti
895 896 1094 930 llliebahelis
1124 902 1354 942 porrectarum
1394 901 1424 931 in
1465 902 1748 932 sustentacionem
1789 903 1819 932 et
1858 911 1982 933 recre—

107 958 258 990 acionem
289 959 436 1002 ipsorum
469 956 706 991 miserabilium
738 968 956 1002 personarum
988 957 1090 991 fuisse
1121 958 1193 991 fore
1224 962 1253 991 et
1292 970 1367 992 esse
1397 959 1533 1001 justam.
1565 959 1759 1003 legitimam.
1799 960 1980 993 salubrem.

107 1021 246 1061 rectam,
276 1020 471 1051 canonicam
503 1022 534 1051 et
553 1018 710 1063 speciale
741 1028 822 1064 opus
852 1022 994 1064 pietatis.
1026 1024 1055 1051 et
1087 1030 1146 1064 pro
1177 1030 1217 1051 eo
1243 1019 1409 1064 predictas
1449 1030 1524 1053 reas
1563 1024 1674 1065 partes
1714 1025 1743 1053 et
1780 1020 1981 1066 spoliatores

106 1087 167 1124 per
204 1077 367 1111 dictorum
406 1089 568 1112 annorum
608 1082 756 1124 spacium
797 1084 924 1113 temere
963 1083 993 1113 et
1030 1080 1197 1113 violenter
1231 1082 1296 1112 imo
1336 1080 1376 1113 de.
1415 1080 1502 1113 facto
1533 1085 1564 1113 et
1601 1084 1754 1125 nequiter
1783 1086 1899 1114 contra
1925 1083 1981 1125 jus

107 1138 268 1183 divinum,
299 1139 398 1173 civile
429 1144 461 1173 et
489 1142 701 1182 canonicum.
732 1142 797 1172 imo
827 1145 942 1173 contra
974 1139 1240 1173 confirmatorias
1270 1140 1383 1173 literas
1413 1141 1583 1175 diocesani
1615 1145 1762 1188 episcopi
1793 1147 1824 1175 et
1846 1143 1979 1188 capituli

107 1198 341 1234 Olornucensis
376 1201 568 1246 supradicti.
607 1212 646 1233 ac
683 1200 796 1233 literas
833 1206 862 1233 et
902 1200 1023 1234 indulta
1064 1200 1152 1235 sedis
1191 1201 1374 1246 apostolice
1409 1202 1577 1246 predictas
1607 1203 1754 1236 decimas
1784 1202 1916 1247 frugum
1949 1208 1981 1237 et

105 1259 242 1294 alterius
270 1265 367 1305 grani
397 1264 624 1306 cuiuscunque
655 1261 757 1295 fuisse
788 1261 859 1295 fore
890 1266 919 1295 et
951 1273 1027 1295 esse
1057 1262 1227 1307 spoliatas.
1259 1266 1378 1297 tentas.
1408 1263 1546 1308 spoliata
1578 1267 1608 1296 et
1637 1268 1809 1309 percepta.
1836 1266 1901 1296 imo
1932 1267 1979 1297 sic

105 1320 144 1354 de
173 1325 322 1367 presenti
352 1327 503 1369 tempore
533 1322 691 1368 spoliatas
725 1334 785 1368 pro
815 1334 851 1355 se
881 1333 1048 1368 occupare
1079 1322 1119 1355 de
1148 1322 1237 1356 facto
1268 1327 1299 1355 et
1331 1326 1436 1356 minus
1463 1325 1563 1367 juste.
1597 1323 1710 1357 Eciain
1741 1324 1916 1357 declarare
1947 1328 1977 1357 et

105 1383 290 1417 decernere
327 1384 509 1429 dignemini
547 1385 744 1417 auctoritate
781 1384 941 1428 predicta.
981 1386 1141 1429 pecunias
1180 1384 1464 1417 convencionates
1502 1384 1710 1429 supradictas
1753 1395 1827 1417 eum
1859 1384 1979 1417 effectu

104 1443 177 1478 fore
207 1448 239 1478 et
267 1455 343 1478 esse
373 1443 617 1490 persolvendas
647 1454 685 1476 ac
716 1442 840 1476 debere
870 1444 1017 1489 persolvi
1047 1444 1198 1489 predicto
1229 1444 1362 1478 domino
1392 1444 1535 1490 plebano
1567 1448 1596 1478 in
1619 1444 1758 1478 Krisans
1779 1449 1831 1478 aut
1855 1448 1978 1478 rectori

104 1505 277 1551 hospitalis
306 1505 498 1551 supradicti.
530 1504 644 1538 Eciam
675 1508 873 1537 auctoritate
903 1508 1156 1539 conservatoria
1178 1505 1327 1551 predicta
1355 1505 1553 1540 decernere.
1585 1505 1758 1539 declarare
1781 1510 1813 1538 et
1834 1505 1977 1539 diffinire

103 1566 214 1601 velitis
249 1565 291 1600 ob
329 1566 506 1600 indebitam
546 1566 770 1612 predictarum
803 1566 1006 1599 decimarum
1037 1566 1276 1611 spoliacionem
1307 1570 1535 1610 commissam.
1564 1571 1598 1601 ut
1627 1567 1807 1612 prefertur.
1839 1567 1978 1612 prefatis

103 1626 254 1662 Bohdalo
284 1630 315 1661 in
344 1627 504 1674 Kynheit.
533 1627 690 1661 Jankone
720 1631 750 1661 in
781 1626 986 1660 Bobrowka.
1024 1626 1215 1661 Micliahele
1245 1631 1274 1661 in
1306 1628 1454 1662 infcriori
1485 1627 1666 1662 Bobrowia
1704 1632 1736 1661 et
1766 1627 1915 1672 Georgio
1947 1631 1977 1660 in

104 1687 218 1723 Obecz
256 1689 476 1722 ecclesiarum
516 1687 704 1722 rectoribus
749 1688 835 1721 dicte
874 1687 1109 1721 Olomucensis
1149 1688 1293 1722 diocesis
1335 1693 1366 1721 et
1405 1692 1473 1722 suis
1516 1688 1770 1722 successoribus
1809 1691 1978 1721 universis

103 1748 252 1795 plebanis
281 1752 312 1783 in
342 1749 499 1795 predictis
529 1749 682 1783 ecclesiis
712 1748 959 1795 parochialibus
989 1749 1108 1782 dudum
1140 1748 1254 1785 fuisse.
1284 1749 1358 1783 fore
1388 1754 1419 1783 et
1449 1761 1525 1783 esse
1551 1749 1774 1796 inponendum
1797 1754 1828 1782 et
1849 1748 1975 1782 debere

102 1812 214 1856 inponi
253 1821 354 1856 super
394 1813 622 1856 occupacione
665 1815 695 1843 et
737 1814 893 1856 pretensa
938 1812 1153 1855 possessione
1197 1810 1356 1843 dictarum
1397 1814 1541 1856 quinque
1580 1810 1732 1844 villarum
1774 1809 1906 1854 frugum
1945 1814 1975 1843 et

103 1871 305 1905 decimarum
348 1874 574 1917 percepcione
613 1876 642 1904 et
682 1871 827 1904 dominio
854 1873 996 1916 ipsarum
1029 1875 1223 1916 perpetuum
1264 1872 1448 1905 silencium.
1483 1871 1686 1917 peramplius
1717 1873 1747 1903 in
1777 1874 1974 1916 perpetuum

102 1931 142 1966 de
172 1932 298 1966 eisdem
328 1943 393 1966 nou
424 1932 607 1978 repetendo
645 1935 676 1965 in
711 1932 837 1976 judicio
877 1931 930 1965 vel
970 1935 1064 1964 extra
1097 1934 1125 1964 in
1157 1942 1355 1977 quocunque
1395 1932 1626 1966 ecclesiastico
1658 1931 1711 1964 vel
1740 1931 1885 1964 seculari
1915 1941 1977 1976 per

102 2003 139 2026 se
177 1997 231 2026 aut
269 1995 483 2038 interpositas
520 2003 682 2038 personas
721 2004 921 2038 quoeunque
960 1992 1075 2025 colore
1113 1994 1242 2036 quesito
1273 1993 1326 2026 vel
1356 1995 1492 2037 ingenio
1534 1992 1660 2037 absque
1689 1991 1765 2025 dolo
1797 1996 1827 2025 et
1858 1991 1976 2024 fraude

101 2052 161 2087 sub
190 2064 274 2099 pena
305 2053 506 2099 perdicionis
536 2064 636 2087 cause
667 2053 853 2087 huiusmodi
884 2057 912 2086 et
944 2052 1004 2085 sub
1034 2052 1207 2085 solucione
1237 2064 1473 2098 expensarum,
1506 2054 1724 2098 dampnorum
1753 2057 1782 2085 et
1805 2055 1970 2085 interesse

100 2126 117 2147 a
153 2114 304 2160 predicto
342 2114 459 2148 ordine
497 2119 550 2147 aut
590 2113 746 2148 fratribus
784 2114 994 2160 supradietis.
1036 2112 1252 2158 presatosque
1281 2113 1479 2148 Bobdalum.
1517 2113 1717 2147 Jankonem.
1747 2112 1971 2146 Micliabelein

101 2179 133 2207 et·
162 2173 344 2219 Georgium
375 2175 594 2208 ecclesiarum
625 2175 785 2220 plebanos
815 2179 847 2208 et
867 2180 1018 2208 rectores
1047 2173 1246 2207 nominibus.
1278 2173 1395 2219 quibus
1416 2186 1527 2220 supra.
1555 2175 1642 2218 justa
1666 2178 1779 2207 vestra
1803 2175 1973 2206 sentencia

100 2234 273 2268 diffinitiva
305 2235 469 2269 mediante
499 2247 542 2269 ex
572 2239 672 2269 certis
702 2241 733 2269 ct
763 2234 1021 2269 racionabililnis
1053 2236 1161 2266 causis
1191 2234 1390 2279 supradictis
1412 2235 1451 2267 de
1472 2237 1709 2280 percepcione.
1741 2236 1971 2278 occupacione

100 2300 133 2329 et
170 2295 315 2329 dominio
354 2299 519 2341 pretensis
557 2296 773 2330 decimarum.
813 2296 944 2341 frugum
987 2300 1017 2328 et
1057 2295 1192 2328 alterius
1229 2298 1323 2337 graui
1363 2298 1590 2340 cuiuscunque
1629 2295 1789 2327 dictarum
1828 2296 1973 2338 quinque

100 2356 252 2390 villarum
283 2355 507 2390 Crewczdors
524 2362 601 2391 etc..
632 2357 749 2402 quibus
771 2369 870 2402 supra
892 2355 1093 2390 nominibus.
1125 2355 1298 2388 declarare
1318 2355 1428 2389 velitis
1449 2356 1596 2401 predicta
1619 2358 1827 2388 auctoritate.
1851 2354 1972 2387 dudum

100 2417 202 2451 fuisse
234 2417 305 2451 sore
335 2422 366 2451 et
393 2428 469 2451 esse
497 2418 643 2462 legitime
665 2419 919 2451 ammovendos.
951 2416 1180 2450 excludendos
1202 2420 1231 2448 et
1254 2416 1466 2461 repellendos
1487 2419 1643 2461 ipsosque
1667 2415 1790 2448 debere
1812 2417 1974 2448 canonice

99 2478 244 2511 excludi.
275 2478 389 2523 repelli
419 2482 449 2510 et
480 2481 632 2511 amoveri
662 2479 702 2512 de
732 2479 889 2524 predictis
921 2477 1052 2521 frugum
1086 2476 1223 2509 decimis
1254 2488 1315 2509 una
1345 2488 1417 2509 cum
1440 2479 1507 2509 suis
1528 2475 1783 2509 successoribus
1806 2478 1974 2508 universis

99 2543 260 2584 perpetue
290 2543 321 2571 ct
351 2537 629 2580 irrevocabiliter.
661 2543 921 2584 annotatumque
952 2542 1118 2571 rectorem
1150 2548 1207 2569 seu
1236 2536 1409 2582 plebanum
1434 2537 1583 2582 predicte
1605 2535 1806 2581 parochialis
1828 2535 1972 2569 ecclesie

99 2602 130 2632 in
168 2598 319 2632 Krisans.
345 2598 482 2632 fratrem
524 2599 648 2631 ordinis
685 2599 927 2632 cruciferorum
960 2598 1139 2643 supradicti
1176 2600 1309 2630 nomine
1339 2601 1414 2630 vice
1445 2602 1474 2630 et
1506 2600 1536 2630 in
1567 2608 1709 2643 persona
1741 2599 1883 2630 rectoris
1914 2608 1971 2629 seu

99 2670 281 2705 pauperum
319 2659 394 2692 dicti
432 2658 604 2704 hospitalis
642 2658 823 2693 Brunensis
855 2659 974 2692 (ludum
1017 2658 1119 2691 fuisse
1150 2658 1222 2690 sore
1253 2662 1283 2690 et
1313 2668 1388 2690 esse
1423 2657 1697 2690 introducendum
1729 2657 1767 2690 ad
1799 2657 1970 2702 pacificam

1786 2717 1844 2745 162*
