2313 3090
1060 194 1133 227 425

162 301 267 331 nicze.
302 308 409 342 usque
438 297 478 330 ad
510 303 615 330 metas
645 298 793 342 Antiqui·
823 298 947 333 Mutlie.
979 300 1061 333 Item
1092 302 1217 333 curiam
1250 301 1279 331 in
1309 298 1471 343 Zaliagie.
1503 310 1598 343 quam
1630 311 1717 332 nunc
1747 300 1895 345 Syrotek
1925 307 2026 335 tenet.

160 358 241 392 Item
273 358 385 391 villam
416 357 547 402 Ugezd.
578 361 609 391 in
639 370 701 403 qua
733 364 780 391 est
813 359 949 393 liberum
981 360 1149 393 iudicium.
1180 371 1254 392 cum
1284 359 1372 392 villis
1403 359 1441 391 ad
1465 359 1585 393 dictum
1610 360 1762 393 iudicium
1785 363 2027 407 piu-tinentibus

159 419 391 464 infrascriptis.
431 418 587 452 videlicet
628 419 727 464 Lysa.
767 419 909 465 Prybina
945 421 1034 455 villa.
1075 420 1268 460 Glaczkova
1307 420 1394 454 villa.
1427 420 1556 454 Crisina
1587 421 1674 455 vitta.
1707 422 1906 458 Lutmiczvk.
1939 424 2028 458 Pro-

160 485 287 526 pastna.
319 479 472 525 Czylzow
502 480 591 514 villa.
623 483 651 513 in
683 492 745 525 qua
777 485 880 515 eciam
913 482 1089 528 capitulum
1119 487 1246 528 partem
1278 480 1388 515 habet.
1420 482 1577 515 videlicet
1606 487 1674 515 tres
1704 487 1812 517 curias
1843 486 2027 529 rusticales,

159 546 360 575 censuantes
399 541 542 586 capitulo
581 546 649 574 tres
688 554 880 587 sexagenas
919 554 1115 587 (grossorum
1154 547 1183 576 et
1221 542 1286 576 XX
1325 553 1477 587 grossos.
1526 543 1606 576 Item
1646 544 1722 576 villa
1755 545 1918 579 l'azuclia.
1950 550 2026 580 item

160 603 339 637 Hraniczie
370 602 446 636 villa
477 607 510 635 et
537 602 625 636 Zdar
655 614 729 636 cum
760 604 968 637 molendinis.
1000 604 1080 638 Item
1110 603 1282 637 Jansdortl'
1307 604 1417 636 villam
1449 614 1522 637 cum
1554 615 1641 637 nova
1666 604 1889 649 plantat-ione.
1912 610 2025 651 inqua

161 669 212 698 est
248 665 405 698 iudicium
438 664 590 697 liberum.
636 664 717 697 Item
750 664 909 697 Strakow
938 666 1052 698 villam
1084 670 1197 700 totam.
1228 669 1369 710 excepta
1400 676 1463 697 una
1494 668 1584 698 curia
1615 665 1770 699 allodiali.
1802 678 1897 711 quam
1929 671 2027 713 capi—

160 726 262 759 tulum
293 725 403 759 habet.
434 725 516 759 Item
546 724 684 759 Nicolcz
715 726 826 758 villam
857 737 930 759 cum
962 726 1068 760 libero
1099 727 1230 760 iudicio.
1262 725 1342 759 Item
1374 725 1509 771 Ossyek
1545 726 1655 759 villam
1696 731 1725 759 et
1757 730 1881 760 curiam
1905 728 2025 762 ibidem

159 787 201 821 de
243 791 386 832 quatuor
427 789 570 820 araturis
612 791 643 819 et
680 786 905 820 molendinum
946 798 1018 820 cmn
1059 787 1185 821 duabus
1224 790 1317 820 rotis.
1356 786 1408 820 uhi
1440 791 1488 819 est
1519 786 1658 820 liberum
1688 787 1854 821 iudicium.
1885 795 2028 834 excepta

160 847 320 881 duntaxat
358 850 450 880 curia
487 847 643 881 allodialii
683 847 768 880 dicta
807 847 1009 892 Mai-quardi.
1050 860 1122 881 cum
1161 847 1264 881 tribus
1300 851 1453 883 araturis.
1491 858 1556 881 11110
1595 848 1787 881 molendino
1826 854 1857 882 et
1886 855 2028 895 quatuor

159 911 241 943 ortis
269 908 330 942 sub
359 911 429 954 ipsa
460 911 551 942 curia
582 911 664 943 51115.
695 920 760 953 que
790 909 932 953 capitulo
963 914 1009 942 est
1043 913 1072 942 in
1104 910 1269 943 divisione
1294 909 1457 943 bonorum
1481 910 1645 954 deputata.
1670 909 1750 943 Item
1773 910 1884 944 villam
1907 911 2026 945 dictam

158 969 308 1004 Widlata
347 970 459 1016 Syecz
497 981 570 1003 cum
610 969 733 1003 iudicio
769 969 900 1003 ibidem.
932 971 1043 1003 villam
1074 970 1278 1016 Chatynow.
1326 970 1407 1004 Item
1439 973 1660 1004 municionem
1691 971 1896 1014 Zabyelilicz
1926 984 2029 1018 prope

161 1030 302 1075 Pragam
332 1041 406 1064 cum
436 1033 505 1064 suis
533 1033 752 1076 pertinenciis
782 1035 811 1063 et
841 1042 939 1063 imam
971 1031 1102 1064 domum
1135 1034 1164 1064 in
1196 1034 1331 1065 civitate
1360 1031 1523 1076 Pragensi
1552 1031 1612 1065 sub
1642 1037 1765 1066 castro.
1788 1044 1830 1065 ex
1852 1033 1913 1065 alia
1935 1039 2028 1078 parte

157 1095 278 1137 pontis.
311 1090 394 1125 Item
417 1091 536 1125 ‘villam
567 1091 818 1137 Trzyemossna
850 1104 922 1125 cum
953 1092 1059 1125 libero
1088 1093 1221 1126 iudicio.
1252 1093 1363 1126 villam
1396 1092 1891 1127 801113111οκ11.1·11111111[11111111.
1914 1095 2027 1127 villam

159 1152 353 1187 Skrichow.
397 1153 478 1187 Item
507 1153 619 1186 villam
652 1153 777 1187 Leznik
808 1164 880 1186 cnm
911 1153 1016 1186 libero
1047 1154 1180 1186 iudicio.
1211 1154 1322 1186 villam
1354 1153 1537 1187 Sedlikova
1567 1153 1671 1188 Hora.
1702 1154 1813 1188 villam
1837 1154 2026 1201 lx'alisrzye.

157 1213 238 1248 Item
278 1214 419 1248 mediam
460 1214 571 1248 villam
606 1217 638 1248 in
668 1214 747 1248 Lata
778 1214 885 1247 Valle.
934 1215 1014 1248 Item
1046 1213 1252 1248 Cunczdorll'
1277 1220 1306 1247 et
1338 1214 1478 1256 Quietna
1510 1215 1607 1248 villas
1636 1226 1709 1248 cum
1741 1215 1855 1248 liberis
1886 1216 2025 1249 iudiciis.

156 1276 269 1309 villam
299 1275 545 1321 Bohunowycz
575 1287 648 1309 cum
680 1275 879 1310 Hrnssowa.
912 1276 990 1309 Item
1024 1275 1063 1308 de
1093 1287 1158 1309 uno
1188 1281 1283 1321 pratu
1314 1279 1344 1309 in
1375 1275 1590 1321 Czyrkwycz
1611 1279 1779 1309 annuatim
1802 1287 1863 1310 sex
1884 1288 2026 1321 grossos

156 1347 290 1370 census.
333 1336 414 1370 Item
444 1336 650 1382 Nyemczicz
681 1337 792 1370 villam
825 1348 897 1370 cum
930 1337 1035 1370 libero
1064 1337 1186 1370 iudicio
1217 1342 1246 1369 et
1278 1340 1416 1382 piscina.
1448 1337 1530 1370 Item
1559 1337 1763 1383 Dworzycz.
1802 1337 1882 1371 Item
1916 1338 2024 1371 villam

157 1397 320 1443 Swynna‚
351 1402 493 1443 excepta
523 1409 587 1431 una
618 1408 792 1439 sexagena
824 1409 944 1431 census
975 1397 1051 1431 nudi
1081 1401 1248 1431 annuatim
1281 1403 1310 1430 et
1332 1403 1439 1443 prato.
1462 1409 1525 1443 que
1547 1397 1711 1432 debentur
1731 1399 1858 1432 custodi
1881 1400 2026 1432 ecclesie

155 1457 442 1492 Luthomislensis
475 1458 557 1492 Item
585 1459 698 1492 villam
729 1458 883 1492 Kozlow.
924 1459 1003 1492 Item
1034 1459 1147 1492 vittam
1176 1458 1360 1504 Karlsprun
1391 1470 1465 1492 cum
1495 1460 1617 1493 iudicio
1646 1459 1762 1493 libero.
1800 1459 1882 1493 Item
1912 1460 2024 1493 vittam

154 1519 340 1554 Morassicz
379 1531 454 1553 cum
492 1519 597 1553 libero
632 1521 765 1553 iudicio.
806 1520 919 1553 villam
950 1519 1108 1565 Sedlysk.
1140 1520 1251 1553 vittam
1281 1519 1503 1565 RzykowicZ.
1534 1520 1646 1554 villam
1675 1520 1927 1554 Sermerzdorff
1952 1532 2025 1554 cum

156 1580 275 1615 liberio
304 1581 437 1615 iudicio.
481 1581 563 1614 Item
593 1581 706 1614 vittam
736 1581 916 1614 Lacznow.
948 1581 1059 1614 villam
1090 1581 1347 1614 Hermansdortl'
1371 1592 1476 1626 prope
1506 1580 1751 1615 Czwittaviam.
1796 1581 1876 1615 Item
1908 1585 2025 1615 civitas

156 1641 342 1676 Czwitavia
373 1647 512 1675 cei-suat
540 1653 601 1687 pro
630 1653 696 1675 uno
727 1646 869 1675 terminu
897 1642 1031 1675 domino
1053 1645 1212 1687 episcopo
1234 1647 1360 1688 septem
1382 1653 1574 1687 sexagenas
1596 1646 1702 1676 minus
1723 1648 1866 1687 (piatuor
1885 1654 2024 1683 grossos

155 1707 186 1737 et
214 1713 275 1749 pro
313 1704 462 1736 secundo
492 1703 640 1737 totidem.
690 1703 770 1737 Item
802 1702 969 1736 Nedossin
1000 1708 1031 1736 ct
1060 1714 1162 1736 unum
1192 1703 1416 1736 molendinum
1448 1703 1580 1737 ibidem.
1630 1703 1710 1737 Item
1741 1703 1851 1737 Trzelz
1882 1706 2024 1737 municio

155 1775 231 1798 cum
268 1766 360 1797 curia
399 1764 440 1798 de
478 1769 620 1810 quatuor
658 1767 812 1797 araturis.
849 1776 923 1797 cum
954 1763 1145 1797 molendino
1175 1767 1312 1809 piscinis
1341 1767 1444 1809 pratis
1474 1764 1567 1797 silvis
1596 1764 1634 1797 ad
1666 1776 1738 1798 eam
1769 1764 2021 1810 pertinentibus,

155 1824 237 1859 Item
274 1825 386 1859 villam
427 1825 587 1871 5111111511)Γ
622 1837 696 1859 cnm
727 1829 817 1858 curia
850 1825 969 1858 ibidem
1001 1825 1041 1857 de
1071 1825 1173 1857 altera
1206 1825 1338 1858 dimidia
1369 1830 1514 1859 aratura.
1564 1825 1644 1859 Item
1674 1826 1785 1859 villam
1816 1825 2022 1859 Lauterliacli

155 1897 231 1920 cum
259 1885 364 1920 libero
394 1886 515 1920 iudicio
545 1891 578 1920 et
607 1891 719 1920 monte
748 1886 891 1931 lapideo.
922 1897 984 1919 nec
1015 1897 1078 1919 non
1109 1886 1212 1919 alteru
1243 1891 1336 1931 parte
1366 1886 1444 1919 ville
1473 1897 1547 1919 cum
1577 1886 1675 1932 pleno
1702 1887 1858 1921 dominio.
1881 1891 2023 1931 excepto

155 1948 316 1981 duntaxat
345 1958 411 1981 uno
440 1947 633 1981 molendino
664 1959 739 1981 cum
770 1947 873 1981 tribus
904 1950 984 1980 rotis
1015 1958 1074 1992 pro
1104 1947 1248 1992 capitulo
1279 1947 1447 1992 deputato.
1478 1947 1560 1981 Item
1582 1951 1743 1993 piscinam
1765 1952 1796 1981 in
1819 1947 2022 1993 Sternteych

155 2020 229 2042 cum
266 2011 356 2042 curia
393 2008 515 2042 ibidem
543 2013 575 2042 et
605 2020 679 2042 cum
709 2020 811 2042 censu
843 2011 872 2042 in
904 2008 979 2041 villa
1011 2008 1095 2041 dicta
1128 2008 1224 2052 Sling
1253 2019 1352 2053 supra
1382 2008 1567 2054 predictam
1595 2012 1755 2054 piscinam
1787 2014 1817 2042 et
1847 2009 1906 2042 51111
1936 2009 2022 2041 valle

154 2069 296 2104 Abbatis
334 2074 365 2103 et
401 2081 474 2104 cum
510 2069 625 2103 fluvio.
664 2070 854 2115 incipiendo
893 2081 909 2101 11
950 2072 1044 2102 metis
1084 2068 1171 2101 dicte
1200 2069 1279 2102 ville
1308 2068 1405 2113 Sting
1434 2080 1538 2114 usque
1567 2070 1607 2103 ad
1636 2070 1819 2116 predictam
1850 2073 2021 2115 piscinam.

153 2135 251 2177 prout
286 2141 439 2177 pronunc
475 2130 606 2165 Odolen
644 2133 793 2164 servitor
829 2131 950 2163 domini
995 2132 1143 2175 episcopi
1183 2134 1285 2164 tenet.
1324 2130 1419 2163 salvo
1449 2141 1501 2164 e0.
1531 2130 1617 2176 quod
1648 2130 1800 2164 homiues
1830 2130 1915 2163 (111·11ι
1946 2129 2022 2162 ville

155 2192 253 2237 Sling
288 2192 327 2226 ad
365 2192 524 2226 iudicium
562 2194 593 2225 in
630 2191 745 2225 villam
774 2190 917 2225 Alibatis
947 2194 1123 2236 pertinent.
1154 2191 1313 2224 emendas
1343 2195 1465 2227 tamen.
1495 2194 1522 2224 si
1552 2203 1633 2237 quas
1663 2203 1679 2225 a
1711 2193 1805 2225 dictis
1836 2190 2022 2224 hominibus

154 2255 259 2298 recipi
296 2255 480 2297 continget„
520 2253 626 2286 dictus
663 2253 764 2286 iudex
803 2253 937 2286 domino
976 2255 1134 2297 episcopo
1169 2251 1363 2294 assignabit.
1412 2251 1494 2285 Item
1525 2252 1642 2286 silvam
1673 2256 1702 2286 in
1733 2253 1910 2285 Jansdorll'.
1941 2254 2017 2283 item

154 2313 266 2348 Altam
295 2313 435 2355 silvam3
464 2317 541 2347 item
571 2314 689 2347 ‘silvam
720 2317 750 2347 in
781 2312 1048 2347 Cuuczendorll':
1079 2316 1154 2345 item
1186 2314 1303 2346 silvam
1335 2312 1549 2355 Uberschar;
1578 2316 1655 2347 item
1686 2314 1770 2347 bona
1797 2317 1826 2346 in
1850 2313 2021 2347 liuzidom.

153 2374 300 2419 obligata
343 2374 453 2409 abbati
496 2378 528 2408 in
563 2374 757 2409 Podlazicz:
794 2378 872 2409 item
912 2379 1056 2408 castrum
1098 2374 1303 2418 Lanczpergq
1343 2374 1476 2419 opidum
1516 2377 1545 2407 in
1583 2375 1790 2409 Lanczlzruu.
1826 2373 1958 2418 opidum
1990 2376 2021 2405 in

153 2434 326 2471 Tribovia.
365 2436 497 2481 opidum
536 2435 655 2481 Ustye,
691 2436 824 2482 opidum
865 2435 1023 2469 Cabilona
1062 2446 1134 2467 cum
1175 2434 1328 2468 omnibus
1363 2435 1449 2468 villis
1479 2439 1511 2468 et
1539 2435 1739 2469 districtibus
1769 2435 1806 2467 ad
1839 2445 1875 2466 ea
1906 2436 2019 2478 perti-

153 2495 319 2531 nentibuS.
353 2499 438 2530 sicut
467 2507 511 2530 ex
539 2496 706 2530 divisione
736 2496 898 2530 bonorum
929 2496 983 2529 vel
1013 2507 1055 2529 ex
1087 2496 1245 2539 legittima
1275 2498 1543 2529 commutacione
1572 2507 1632 2542 pro
1662 2497 1732 2528 aliis
1762 2495 1854 2527 lionis
1883 2493 2018 2539 capituli

151 2557 191 2590 ad
221 2559 365 2590 invicem
396 2556 496 2591 facta.
525 2556 579 2590 vet
610 2557 692 2590 alias
721 2560 899 2602 empcione
929 2557 969 2590 de
1000 2568 1089 2590 novo
1119 2556 1158 2589 ad
1191 2555 1311 2589 dictum
1343 2556 1511 2590 dominum
1533 2560 1724 2603 episcopum
1747 2560 1777 2587 et
1800 2565 2020 2587 sut-cessores

151 2627 230 2651 suos
259 2620 322 2650 rite
351 2617 562 2651 devenerunt
591 2622 623 2651 et
652 2617 814 2662 legittime
843 2618 1069 2664 possidentur.
1100 2628 1173 2649 cum
1205 2616 1358 2650 omnibus
1387 2619 1455 2650 suis
1477 2617 1601 2651 iuribus
1622 2618 1835 2663 pertinenciis
1857 2614 2019 2647 fructibus

151 2677 376 2712 emolimentis
415 2677 618 2712 districtibus
652 2678 745 2711 silvis
776 2678 969 2711 nemoribus
1001 2677 1240 2711 venacionibus
1271 2677 1436 2711 montibus
1465 2678 1605 2712 vallibus
1636 2681 1735 2723 pratis
1764 2678 1897 2722 pascuis
1927 2677 2018 2719 agris

1817 2738 1853 2762 54
