<?xml version="1.0" encoding="UTF-8"?>
<!DOCTYPE html PUBLIC "-//W3C//DTD XHTML 1.0 Transitional//EN"
    "http://www.w3.org/TR/xhtml1/DTD/xhtml1-transitional.dtd">
<html xmlns="http://www.w3.org/1999/xhtml" xml:lang="en" lang="en">
 <head>
  <title>
</title>
<meta http-equiv="Content-Type" content="text/html;charset=utf-8" />
  <meta name='ocr-system' content='tesseract 3.04.00' />
  <meta name='ocr-capabilities' content='ocr_page ocr_carea ocr_par ocr_line ocrx_word'/>
</head>
<body>
  <div class='ocr_page' id='page_1' title='image "./codexdiplomaticu12morauoft_0148.png"; bbox 0 0 2313 3090; ppageno 0'>
   <div class='ocr_carea' id='block_1_1' title="bbox 1223 206 1294 239">
    <p class='ocr_par' dir='ltr' id='par_1_1' title="bbox 1223 206 1294 239">
     <span class='ocr_line' id='line_1_1' title="bbox 1223 206 1294 239; baseline 0 0"><span class='ocrx_word' id='word_1_1' title='bbox 1223 206 1294 239; x_wconf 78' lang='lat'>132</span> 
     </span>
    </p>
   </div>
   <div class='ocr_carea' id='block_1_2' title="bbox 1156 256 1361 260">
    <p class='ocr_par' dir='ltr' id='par_1_2' title="bbox 1156 256 1361 260">
     <span class='ocr_line' id='line_1_2' title="bbox 1156 256 1361 260; baseline 0 0"><span class='ocrx_word' id='word_1_2' title='bbox 1156 256 1361 260; x_wconf 95' lang='lat' dir='ltr'> </span> 
     </span>
    </p>
   </div>
   <div class='ocr_carea' id='block_1_3' title="bbox 325 308 2197 2237">
    <p class='ocr_par' dir='ltr' id='par_1_3' title="bbox 325 308 2197 2237">
     <span class='ocr_line' id='line_1_3' title="bbox 325 308 2189 356; baseline -0.003 -9"><span class='ocrx_word' id='word_1_3' title='bbox 325 314 453 348; x_wconf 78' lang='lat' dir='ltr'>dentes.</span> <span class='ocrx_word' id='word_1_4' title='bbox 484 315 679 346; x_wconf 86' lang='lat' dir='ltr'>auctoritate</span> <span class='ocrx_word' id='word_1_5' title='bbox 710 316 822 345; x_wconf 89' lang='lat' dir='ltr'>nostra</span> <span class='ocrx_word' id='word_1_6' title='bbox 852 314 918 344; x_wconf 89' lang='lat' dir='ltr'>imo</span> <span class='ocrx_word' id='word_1_7' title='bbox 949 314 1061 344; x_wconf 81' lang='lat' dir='ltr'>verius</span> <span class='ocrx_word' id='word_1_8' title='bbox 1091 310 1274 356; x_wconf 87' lang='lat' dir='ltr'>apostolica</span> <span class='ocrx_word' id='word_1_9' title='bbox 1304 309 1399 342; x_wconf 91' lang='lat' dir='ltr'>nobis</span> <span class='ocrx_word' id='word_1_10' title='bbox 1428 312 1459 342; x_wconf 87' lang='lat' dir='ltr'>in</span> <span class='ocrx_word' id='word_1_11' title='bbox 1490 308 1552 342; x_wconf 88' lang='lat' dir='ltr'>hac</span> <span class='ocrx_word' id='word_1_12' title='bbox 1581 313 1675 354; x_wconf 86' lang='lat' dir='ltr'>parte</span> <span class='ocrx_word' id='word_1_13' title='bbox 1705 320 1867 343; x_wconf 85' lang='lat' dir='ltr'>concessa</span> <span class='ocrx_word' id='word_1_14' title='bbox 1906 309 2074 354; x_wconf 87' lang='lat' dir='ltr'>predictas</span> <span class='ocrx_word' id='word_1_15' title='bbox 2112 319 2189 342; x_wconf 90' lang='lat' dir='ltr'>reas</span> 
     </span>
     <span class='ocr_line' id='line_1_4' title="bbox 325 369 2190 420; baseline -0.003 -12"><span class='ocrx_word' id='word_1_16' title='bbox 325 379 437 420; x_wconf 88' lang='lat' dir='ltr'>partes</span> <span class='ocrx_word' id='word_1_17' title='bbox 463 373 709 407; x_wconf 84' lang='lat' dir='ltr'>declaravimus</span> <span class='ocrx_word' id='word_1_18' title='bbox 746 371 867 405; x_wconf 90' lang='lat' dir='ltr'>dudum</span> <span class='ocrx_word' id='word_1_19' title='bbox 903 371 944 405; x_wconf 89' lang='lat' dir='ltr'>ab</span> <span class='ocrx_word' id='word_1_20' title='bbox 974 376 1129 416; x_wconf 81' lang='lat' dir='ltr'>ingressu</span> <span class='ocrx_word' id='word_1_21' title='bbox 1169 371 1401 404; x_wconf 85' lang='lat' dir='ltr'>eeclesiastico</span> <span class='ocrx_word' id='word_1_22' title='bbox 1439 369 1512 403; x_wconf 87' lang='lat' dir='ltr'>fore</span> <span class='ocrx_word' id='word_1_23' title='bbox 1550 381 1744 416; x_wconf 66' lang='lat' dir='ltr'>suspensos,</span> <span class='ocrx_word' id='word_1_24' title='bbox 1788 373 1945 415; x_wconf 88' lang='lat' dir='ltr'>ipsosque</span> <span class='ocrx_word' id='word_1_25' title='bbox 1983 373 2015 403; x_wconf 93' lang='lat' dir='ltr'>in</span> <span class='ocrx_word' id='word_1_26' title='bbox 2057 372 2190 415; x_wconf 90' lang='lat' dir='ltr'>scriptis</span> 
     </span>
     <span class='ocr_line' id='line_1_5' title="bbox 327 429 2192 478; baseline -0.003 -9"><span class='ocrx_word' id='word_1_27' title='bbox 327 436 693 469; x_wconf 73' lang='lat' dir='ltr'>excommunicavimus</span> <span class='ocrx_word' id='word_1_28' title='bbox 724 437 752 465; x_wconf 81' lang='lat' dir='ltr'>et</span> <span class='ocrx_word' id='word_1_29' title='bbox 784 432 995 477; x_wconf 69' lang='lat' dir='ltr'>presentibus</span> <span class='ocrx_word' id='word_1_30' title='bbox 1025 432 1269 478; x_wconf 84' lang='lat' dir='ltr'>suspendiunis.</span> <span class='ocrx_word' id='word_1_31' title='bbox 1297 433 1627 464; x_wconf 82' lang='lat' dir='ltr'>excommunicamus</span> <span class='ocrx_word' id='word_1_32' title='bbox 1648 435 1679 464; x_wconf 90' lang='lat' dir='ltr'>et</span> <span class='ocrx_word' id='word_1_33' title='bbox 1700 433 1730 464; x_wconf 89' lang='lat' dir='ltr'>in</span> <span class='ocrx_word' id='word_1_34' title='bbox 1754 430 1806 463; x_wconf 93' lang='lat' dir='ltr'>dei</span> <span class='ocrx_word' id='word_1_35' title='bbox 1825 433 1959 464; x_wconf 92' lang='lat' dir='ltr'>nomine</span> <span class='ocrx_word' id='word_1_36' title='bbox 1980 429 2192 476; x_wconf 73' lang='lat' dir='ltr'>presentibus</span> 
     </span>
     <span class='ocr_line' id='line_1_6' title="bbox 329 490 2191 541; baseline -0.003 -12"><span class='ocrx_word' id='word_1_37' title='bbox 329 506 544 541; x_wconf 78' lang='lat' dir='ltr'>agravamus.</span> <span class='ocrx_word' id='word_1_38' title='bbox 574 494 703 527; x_wconf 82' lang='lat' dir='ltr'>Idcirco</span> <span class='ocrx_word' id='word_1_39' title='bbox 733 503 796 526; x_wconf 77' lang='lat' dir='ltr'>vos</span> <span class='ocrx_word' id='word_1_40' title='bbox 827 493 978 527; x_wconf 88' lang='lat' dir='ltr'>dominos</span> <span class='ocrx_word' id='word_1_41' title='bbox 1008 493 1170 526; x_wconf 88' lang='lat' dir='ltr'>decanum</span> <span class='ocrx_word' id='word_1_42' title='bbox 1200 492 1486 525; x_wconf 88' lang='lat' dir='ltr'>Tbassoviensem</span> <span class='ocrx_word' id='word_1_43' title='bbox 1517 501 1556 524; x_wconf 90' lang='lat' dir='ltr'>ac</span> <span class='ocrx_word' id='word_1_44' title='bbox 1585 502 1702 525; x_wconf 88' lang='lat' dir='ltr'>omnes</span> <span class='ocrx_word' id='word_1_45' title='bbox 1732 495 1762 524; x_wconf 91' lang='lat' dir='ltr'>et</span> <span class='ocrx_word' id='word_1_46' title='bbox 1792 490 1943 536; x_wconf 81' lang='lat' dir='ltr'>singulos</span> <span class='ocrx_word' id='word_1_47' title='bbox 1972 491 2191 525; x_wconf 87' lang='lat' dir='ltr'>ecclesiarum</span> 
     </span>
     <span class='ocr_line' id='line_1_7' title="bbox 328 550 2194 603; baseline -0.003 -13"><span class='ocrx_word' id='word_1_48' title='bbox 328 556 487 603; x_wconf 88' lang='lat' dir='ltr'>plebanos</span> <span class='ocrx_word' id='word_1_49' title='bbox 526 559 555 588; x_wconf 91' lang='lat' dir='ltr'>et</span> <span class='ocrx_word' id='word_1_50' title='bbox 595 558 746 587; x_wconf 85' lang='lat' dir='ltr'>rectores</span> <span class='ocrx_word' id='word_1_51' title='bbox 784 558 837 586; x_wconf 89' lang='lat' dir='ltr'>aut</span> <span class='ocrx_word' id='word_1_52' title='bbox 877 558 1009 587; x_wconf 87' lang='lat' dir='ltr'>vestras</span> <span class='ocrx_word' id='word_1_53' title='bbox 1056 557 1150 587; x_wconf 84' lang='lat' dir='ltr'>vices</span> <span class='ocrx_word' id='word_1_54' title='bbox 1196 557 1356 597; x_wconf 68' lang='lat' dir='ltr'>gerentes</span> <span class='ocrx_word' id='word_1_55' title='bbox 1403 555 1662 597; x_wconf 54' lang='lat' dir='ltr'>suprascriptos„</span> <span class='ocrx_word' id='word_1_56' title='bbox 1705 555 1759 597; x_wconf 89' lang='lat' dir='ltr'>qui</span> <span class='ocrx_word' id='word_1_57' title='bbox 1802 550 2014 596; x_wconf 75' lang='lat' dir='ltr'>presentibus</span> <span class='ocrx_word' id='word_1_58' title='bbox 2066 550 2194 585; x_wconf 85' lang='lat' dir='ltr'>fueritis</span> 
     </span>
     <span class='ocr_line' id='line_1_8' title="bbox 329 612 2192 662; baseline -0.003 -12"><span class='ocrx_word' id='word_1_59' title='bbox 329 619 489 662; x_wconf 73' lang='lat' dir='ltr'>requisiti.</span> <span class='ocrx_word' id='word_1_60' title='bbox 535 616 732 647; x_wconf 82' lang='lat' dir='ltr'>auctoritate</span> <span class='ocrx_word' id='word_1_61' title='bbox 779 614 974 658; x_wconf 79' lang='lat' dir='ltr'>apostolica.</span> <span class='ocrx_word' id='word_1_62' title='bbox 1022 625 1084 659; x_wconf 92' lang='lat' dir='ltr'>qua</span> <span class='ocrx_word' id='word_1_63' title='bbox 1128 614 1298 657; x_wconf 78' lang='lat' dir='ltr'>fungimur</span> <span class='ocrx_word' id='word_1_64' title='bbox 1340 616 1370 645; x_wconf 89' lang='lat' dir='ltr'>in</span> <span class='ocrx_word' id='word_1_65' title='bbox 1415 612 1477 645; x_wconf 90' lang='lat' dir='ltr'>hac</span> <span class='ocrx_word' id='word_1_66' title='bbox 1519 617 1626 657; x_wconf 65' lang='lat' dir='ltr'>parte‚</span> <span class='ocrx_word' id='word_1_67' title='bbox 1670 617 1787 646; x_wconf 89' lang='lat' dir='ltr'>tenore</span> <span class='ocrx_word' id='word_1_68' title='bbox 1830 614 2042 657; x_wconf 87' lang='lat' dir='ltr'>presencium</span> <span class='ocrx_word' id='word_1_69' title='bbox 2086 614 2192 657; x_wconf 91' lang='lat' dir='ltr'>primo</span> 
     </span>
     <span class='ocr_line' id='line_1_9' title="bbox 328 668 2194 719; baseline -0.003 -8"><span class='ocrx_word' id='word_1_70' title='bbox 328 677 475 711; x_wconf 85' lang='lat' dir='ltr'>secundo</span> <span class='ocrx_word' id='word_1_71' title='bbox 512 677 615 708; x_wconf 88' lang='lat' dir='ltr'>tercio</span> <span class='ocrx_word' id='word_1_72' title='bbox 654 678 686 706; x_wconf 91' lang='lat' dir='ltr'>et</span> <span class='ocrx_word' id='word_1_73' title='bbox 724 677 952 719; x_wconf 71' lang='lat' dir='ltr'>peremptorie</span> <span class='ocrx_word' id='word_1_74' title='bbox 987 677 1187 719; x_wconf 78' lang='lat' dir='ltr'>requirimus</span> <span class='ocrx_word' id='word_1_75' title='bbox 1226 685 1264 707; x_wconf 90' lang='lat' dir='ltr'>ac</span> <span class='ocrx_word' id='word_1_76' title='bbox 1291 684 1476 707; x_wconf 89' lang='lat' dir='ltr'>monemus.</span> <span class='ocrx_word' id='word_1_77' title='bbox 1517 672 1681 718; x_wconf 88' lang='lat' dir='ltr'>vobisque</span> <span class='ocrx_word' id='word_1_78' title='bbox 1720 672 1952 706; x_wconf 81' lang='lat' dir='ltr'>nichilominus</span> <span class='ocrx_word' id='word_1_79' title='bbox 1990 676 2022 705; x_wconf 90' lang='lat' dir='ltr'>et</span> <span class='ocrx_word' id='word_1_80' title='bbox 2059 668 2194 706; x_wconf 82' lang='lat' dir='ltr'>cuilibet</span> 
     </span>
     <span class='ocr_line' id='line_1_10' title="bbox 329 732 2193 779; baseline -0.003 -8"><span class='ocrx_word' id='word_1_81' title='bbox 329 742 476 771; x_wconf 85' lang='lat' dir='ltr'>vestrum</span> <span class='ocrx_word' id='word_1_82' title='bbox 516 739 546 768; x_wconf 94' lang='lat' dir='ltr'>in</span> <span class='ocrx_word' id='word_1_83' title='bbox 586 734 726 768; x_wconf 90' lang='lat' dir='ltr'>solidum</span> <span class='ocrx_word' id='word_1_84' title='bbox 766 737 797 767; x_wconf 87' lang='lat' dir='ltr'>in</span> <span class='ocrx_word' id='word_1_85' title='bbox 834 738 956 769; x_wconf 90' lang='lat' dir='ltr'>virtute</span> <span class='ocrx_word' id='word_1_86' title='bbox 994 740 1109 769; x_wconf 90' lang='lat' dir='ltr'>sancte</span> <span class='ocrx_word' id='word_1_87' title='bbox 1148 734 1345 768; x_wconf 78' lang='lat' dir='ltr'>obediencie</span> <span class='ocrx_word' id='word_1_88' title='bbox 1383 738 1416 766; x_wconf 86' lang='lat' dir='ltr'>et</span> <span class='ocrx_word' id='word_1_89' title='bbox 1452 732 1513 767; x_wconf 91' lang='lat' dir='ltr'>sub</span> <span class='ocrx_word' id='word_1_90' title='bbox 1551 735 1916 766; x_wconf 81' lang='lat' dir='ltr'>excommunicacionis</span> <span class='ocrx_word' id='word_1_91' title='bbox 1959 744 2057 779; x_wconf 80' lang='lat' dir='ltr'>pena,</span> <span class='ocrx_word' id='word_1_92' title='bbox 2096 742 2193 777; x_wconf 84' lang='lat' dir='ltr'>quam</span> 
     </span>
     <span class='ocr_line' id='line_1_11' title="bbox 329 793 2193 841; baseline -0.003 -10"><span class='ocrx_word' id='word_1_93' title='bbox 329 802 424 832; x_wconf 89' lang='lat' dir='ltr'>trium</span> <span class='ocrx_word' id='word_1_94' title='bbox 455 802 564 830; x_wconf 90' lang='lat' dir='ltr'>tamen</span> <span class='ocrx_word' id='word_1_95' title='bbox 594 796 720 829; x_wconf 89' lang='lat' dir='ltr'>dierum</span> <span class='ocrx_word' id='word_1_96' title='bbox 752 799 913 829; x_wconf 86' lang='lat' dir='ltr'>canonica</span> <span class='ocrx_word' id='word_1_97' title='bbox 944 799 1133 829; x_wconf 88' lang='lat' dir='ltr'>monicione</span> <span class='ocrx_word' id='word_1_98' title='bbox 1154 798 1316 841; x_wconf 87' lang='lat' dir='ltr'>premissa</span> <span class='ocrx_word' id='word_1_99' title='bbox 1338 797 1370 827; x_wconf 88' lang='lat' dir='ltr'>in</span> <span class='ocrx_word' id='word_1_100' title='bbox 1389 805 1453 828; x_wconf 91' lang='lat' dir='ltr'>vos</span> <span class='ocrx_word' id='word_1_101' title='bbox 1474 805 1590 827; x_wconf 89' lang='lat' dir='ltr'>omnes</span> <span class='ocrx_word' id='word_1_102' title='bbox 1611 799 1643 827; x_wconf 89' lang='lat' dir='ltr'>et</span> <span class='ocrx_word' id='word_1_103' title='bbox 1663 794 1814 838; x_wconf 80' lang='lat' dir='ltr'>singulos</span> <span class='ocrx_word' id='word_1_104' title='bbox 1835 793 2023 828; x_wconf 90' lang='lat' dir='ltr'>huiusmodi</span> <span class='ocrx_word' id='word_1_105' title='bbox 2042 797 2193 827; x_wconf 87' lang='lat' dir='ltr'>nostrum</span> 
     </span>
     <span class='ocr_line' id='line_1_12' title="bbox 330 853 2195 900; baseline -0.002 -10"><span class='ocrx_word' id='word_1_106' title='bbox 330 858 517 891; x_wconf 88' lang='lat' dir='ltr'>mandatum</span> <span class='ocrx_word' id='word_1_107' title='bbox 547 861 757 890; x_wconf 78' lang='lat' dir='ltr'>recusantem</span> <span class='ocrx_word' id='word_1_108' title='bbox 786 868 844 890; x_wconf 89' lang='lat' dir='ltr'>seu</span> <span class='ocrx_word' id='word_1_109' title='bbox 880 861 1077 890; x_wconf 87' lang='lat' dir='ltr'>recusantes</span> <span class='ocrx_word' id='word_1_110' title='bbox 1114 858 1235 900; x_wconf 76' lang='lat' dir='ltr'>exequi</span> <span class='ocrx_word' id='word_1_111' title='bbox 1272 856 1411 888; x_wconf 77' lang='lat' dir='ltr'>serimus</span> <span class='ocrx_word' id='word_1_112' title='bbox 1449 857 1482 888; x_wconf 90' lang='lat' dir='ltr'>in</span> <span class='ocrx_word' id='word_1_113' title='bbox 1521 854 1571 889; x_wconf 90' lang='lat' dir='ltr'>his</span> <span class='ocrx_word' id='word_1_114' title='bbox 1608 858 1752 900; x_wconf 62' lang='lat' dir='ltr'>scriptis„</span> <span class='ocrx_word' id='word_1_115' title='bbox 1793 856 1941 889; x_wconf 89' lang='lat' dir='ltr'>districte</span> <span class='ocrx_word' id='word_1_116' title='bbox 1979 853 2195 900; x_wconf 86' lang='lat' dir='ltr'>precipiendo</span> 
     </span>
     <span class='ocr_line' id='line_1_13' title="bbox 330 913 2194 962; baseline -0.002 -11"><span class='ocrx_word' id='word_1_117' title='bbox 330 918 536 953; x_wconf 87' lang='lat' dir='ltr'>mandamus.</span> <span class='ocrx_word' id='word_1_118' title='bbox 567 922 730 962; x_wconf 88' lang='lat' dir='ltr'>quatenus</span> <span class='ocrx_word' id='word_1_119' title='bbox 760 929 842 951; x_wconf 90' lang='lat' dir='ltr'>unus</span> <span class='ocrx_word' id='word_1_120' title='bbox 871 922 1021 951; x_wconf 85' lang='lat' dir='ltr'>vestrum</span> <span class='ocrx_word' id='word_1_121' title='bbox 1052 917 1150 950; x_wconf 90' lang='lat' dir='ltr'>alium</span> <span class='ocrx_word' id='word_1_122' title='bbox 1180 928 1246 949; x_wconf 89' lang='lat' dir='ltr'>non</span> <span class='ocrx_word' id='word_1_123' title='bbox 1276 915 1486 961; x_wconf 79' lang='lat' dir='ltr'>expectando</span> <span class='ocrx_word' id='word_1_124' title='bbox 1514 926 1577 949; x_wconf 86' lang='lat' dir='ltr'>nec</span> <span class='ocrx_word' id='word_1_125' title='bbox 1607 918 1712 949; x_wconf 85' lang='lat' dir='ltr'>eciam</span> <span class='ocrx_word' id='word_1_126' title='bbox 1734 927 1770 949; x_wconf 89' lang='lat' dir='ltr'>se</span> <span class='ocrx_word' id='word_1_127' title='bbox 1791 926 1850 960; x_wconf 93' lang='lat' dir='ltr'>per</span> <span class='ocrx_word' id='word_1_128' title='bbox 1880 915 1978 948; x_wconf 89' lang='lat' dir='ltr'>alium</span> <span class='ocrx_word' id='word_1_129' title='bbox 2000 913 2194 948; x_wconf 84' lang='lat' dir='ltr'>excusando</span> 
     </span>
     <span class='ocr_line' id='line_1_14' title="bbox 328 974 2192 1023; baseline -0.002 -11"><span class='ocrx_word' id='word_1_130' title='bbox 328 979 512 1013; x_wconf 77' lang='lat' dir='ltr'>antedictos</span> <span class='ocrx_word' id='word_1_131' title='bbox 542 977 725 1011; x_wconf 82' lang='lat' dir='ltr'>Bolidalum</span> <span class='ocrx_word' id='word_1_132' title='bbox 756 981 786 1011; x_wconf 93' lang='lat' dir='ltr'>in</span> <span class='ocrx_word' id='word_1_133' title='bbox 817 977 975 1023; x_wconf 64' lang='lat' dir='ltr'>Kinlieyt.</span> <span class='ocrx_word' id='word_1_134' title='bbox 1006 976 1194 1011; x_wconf 65' lang='lat' dir='ltr'>Janlzonem</span> <span class='ocrx_word' id='word_1_135' title='bbox 1225 980 1255 1009; x_wconf 90' lang='lat' dir='ltr'>in</span> <span class='ocrx_word' id='word_1_136' title='bbox 1285 975 1491 1014; x_wconf 51' lang='lat' dir='ltr'>Bobrowka.¹</span> <span class='ocrx_word' id='word_1_137' title='bbox 1519 976 1744 1010; x_wconf 81' lang='lat' dir='ltr'>Micliahelem</span> <span class='ocrx_word' id='word_1_138' title='bbox 1773 980 1805 1009; x_wconf 91' lang='lat' dir='ltr'>in</span> <span class='ocrx_word' id='word_1_139' title='bbox 1835 976 1985 1010; x_wconf 84' lang='lat' dir='ltr'>inferiori</span> <span class='ocrx_word' id='word_1_140' title='bbox 2023 974 2192 1009; x_wconf 87' lang='lat' dir='ltr'>Bobrovia</span> 
     </span>
     <span class='ocr_line' id='line_1_15' title="bbox 327 1036 2194 1083; baseline -0.003 -9"><span class='ocrx_word' id='word_1_141' title='bbox 327 1045 359 1074; x_wconf 89' lang='lat' dir='ltr'>et</span> <span class='ocrx_word' id='word_1_142' title='bbox 391 1039 574 1083; x_wconf 78' lang='lat' dir='ltr'>Georgium</span> <span class='ocrx_word' id='word_1_143' title='bbox 605 1042 637 1072; x_wconf 93' lang='lat' dir='ltr'>in</span> <span class='ocrx_word' id='word_1_144' title='bbox 659 1038 772 1072; x_wconf 90' lang='lat' dir='ltr'>Obecz</span> <span class='ocrx_word' id='word_1_145' title='bbox 802 1038 1022 1072; x_wconf 83' lang='lat' dir='ltr'>ecclesiarum</span> <span class='ocrx_word' id='word_1_146' title='bbox 1052 1037 1212 1083; x_wconf 89' lang='lat' dir='ltr'>plebanos</span> <span class='ocrx_word' id='word_1_147' title='bbox 1242 1042 1273 1070; x_wconf 89' lang='lat' dir='ltr'>et</span> <span class='ocrx_word' id='word_1_148' title='bbox 1302 1042 1454 1070; x_wconf 86' lang='lat' dir='ltr'>rectores</span> <span class='ocrx_word' id='word_1_149' title='bbox 1484 1037 1570 1070; x_wconf 89' lang='lat' dir='ltr'>dicte</span> <span class='ocrx_word' id='word_1_150' title='bbox 1601 1036 1817 1070; x_wconf 88' lang='lat' dir='ltr'>Olomucensi</span> <span class='ocrx_word' id='word_1_151' title='bbox 1846 1037 1974 1070; x_wconf 88' lang='lat' dir='ltr'>diocesi</span> <span class='ocrx_word' id='word_1_152' title='bbox 2002 1047 2041 1069; x_wconf 88' lang='lat' dir='ltr'>ac</span> <span class='ocrx_word' id='word_1_153' title='bbox 2077 1039 2194 1069; x_wconf 82' lang='lat' dir='ltr'>vestro</span> 
     </span>
     <span class='ocr_line' id='line_1_16' title="bbox 327 1096 2194 1141; baseline -0.003 -7"><span class='ocrx_word' id='word_1_154' title='bbox 327 1103 501 1135; x_wconf 84' lang='lat' dir='ltr'>decanatui</span> <span class='ocrx_word' id='word_1_155' title='bbox 530 1099 778 1133; x_wconf 80' lang='lat' dir='ltr'>subiacentibus</span> <span class='ocrx_word' id='word_1_156' title='bbox 808 1102 838 1132; x_wconf 86' lang='lat' dir='ltr'>in</span> <span class='ocrx_word' id='word_1_157' title='bbox 867 1102 935 1133; x_wconf 84' lang='lat' dir='ltr'>suis</span> <span class='ocrx_word' id='word_1_158' title='bbox 964 1099 1068 1132; x_wconf 86' lang='lat' dir='ltr'>semel</span> <span class='ocrx_word' id='word_1_159' title='bbox 1097 1103 1127 1131; x_wconf 88' lang='lat' dir='ltr'>et</span> <span class='ocrx_word' id='word_1_160' title='bbox 1158 1098 1289 1131; x_wconf 89' lang='lat' dir='ltr'>demum</span> <span class='ocrx_word' id='word_1_161' title='bbox 1319 1100 1351 1131; x_wconf 90' lang='lat' dir='ltr'>in</span> <span class='ocrx_word' id='word_1_162' title='bbox 1380 1100 1503 1131; x_wconf 88' lang='lat' dir='ltr'>vestris</span> <span class='ocrx_word' id='word_1_163' title='bbox 1532 1097 1684 1131; x_wconf 87' lang='lat' dir='ltr'>ecelesiis</span> <span class='ocrx_word' id='word_1_164' title='bbox 1714 1097 1854 1141; x_wconf 80' lang='lat' dir='ltr'>singulis</span> <span class='ocrx_word' id='word_1_165' title='bbox 1883 1096 2000 1131; x_wconf 90' lang='lat' dir='ltr'>diebus</span> <span class='ocrx_word' id='word_1_166' title='bbox 2020 1096 2194 1130; x_wconf 87' lang='lat' dir='ltr'>dominicis</span> 
     </span>
     <span class='ocr_line' id='line_1_17' title="bbox 327 1158 2194 1206; baseline -0.003 -11"><span class='ocrx_word' id='word_1_167' title='bbox 327 1173 440 1195; x_wconf 76' lang='lat' dir='ltr'>eoram</span> <span class='ocrx_word' id='word_1_168' title='bbox 470 1160 556 1194; x_wconf 84' lang='lat' dir='ltr'>fideli</span> <span class='ocrx_word' id='word_1_169' title='bbox 586 1160 706 1206; x_wconf 89' lang='lat' dir='ltr'>populo</span> <span class='ocrx_word' id='word_1_170' title='bbox 736 1160 811 1193; x_wconf 82' lang='lat' dir='ltr'>illuc</span> <span class='ocrx_word' id='word_1_171' title='bbox 841 1159 880 1192; x_wconf 87' lang='lat' dir='ltr'>ad</span> <span class='ocrx_word' id='word_1_172' title='bbox 911 1160 1022 1193; x_wconf 87' lang='lat' dir='ltr'>divina</span> <span class='ocrx_word' id='word_1_173' title='bbox 1053 1158 1214 1192; x_wconf 73' lang='lat' dir='ltr'>visitanda</span> <span class='ocrx_word' id='word_1_174' title='bbox 1254 1161 1413 1201; x_wconf 68' lang='lat' dir='ltr'>venienti7</span> <span class='ocrx_word' id='word_1_175' title='bbox 1442 1158 1528 1191; x_wconf 90' lang='lat' dir='ltr'>infra</span> <span class='ocrx_word' id='word_1_176' title='bbox 1558 1159 1733 1192; x_wconf 88' lang='lat' dir='ltr'>missarum</span> <span class='ocrx_word' id='word_1_177' title='bbox 1773 1158 1956 1203; x_wconf 85' lang='lat' dir='ltr'>solempnia</span> <span class='ocrx_word' id='word_1_178' title='bbox 1986 1160 2074 1191; x_wconf 89' lang='lat' dir='ltr'>etin</span> <span class='ocrx_word' id='word_1_179' title='bbox 2111 1167 2194 1191; x_wconf 87' lang='lat' dir='ltr'>ser-</span> 
     </span>
     <span class='ocr_line' id='line_1_18' title="bbox 328 1218 2195 1266; baseline -0.002 -11"><span class='ocrx_word' id='word_1_180' title='bbox 328 1221 478 1255; x_wconf 88' lang='lat' dir='ltr'>monibus</span> <span class='ocrx_word' id='word_1_181' title='bbox 509 1226 539 1254; x_wconf 85' lang='lat' dir='ltr'>et</span> <span class='ocrx_word' id='word_1_182' title='bbox 569 1220 859 1266; x_wconf 85' lang='lat' dir='ltr'>predicacionibus</span> <span class='ocrx_word' id='word_1_183' title='bbox 890 1222 1022 1253; x_wconf 74' lang='lat' dir='ltr'>vestrIs.</span> <span class='ocrx_word' id='word_1_184' title='bbox 1055 1219 1192 1265; x_wconf 87' lang='lat' dir='ltr'>pulsatis</span> <span class='ocrx_word' id='word_1_185' title='bbox 1221 1222 1391 1264; x_wconf 81' lang='lat' dir='ltr'>campanis</span> <span class='ocrx_word' id='word_1_186' title='bbox 1421 1223 1450 1252; x_wconf 89' lang='lat' dir='ltr'>et</span> <span class='ocrx_word' id='word_1_187' title='bbox 1482 1219 1628 1252; x_wconf 88' lang='lat' dir='ltr'>candelis</span> <span class='ocrx_word' id='word_1_188' title='bbox 1658 1221 1812 1252; x_wconf 83' lang='lat' dir='ltr'>accensis</span> <span class='ocrx_word' id='word_1_189' title='bbox 1832 1222 1865 1252; x_wconf 88' lang='lat' dir='ltr'>et</span> <span class='ocrx_word' id='word_1_190' title='bbox 1884 1218 2016 1252; x_wconf 89' lang='lat' dir='ltr'>demum</span> <span class='ocrx_word' id='word_1_191' title='bbox 2039 1220 2195 1251; x_wconf 81' lang='lat' dir='ltr'>extinctis</span> 
     </span>
     <span class='ocr_line' id='line_1_19' title="bbox 328 1278 2195 1327; baseline -0.003 -11"><span class='ocrx_word' id='word_1_192' title='bbox 328 1295 366 1316; x_wconf 86' lang='lat' dir='ltr'>ac</span> <span class='ocrx_word' id='word_1_193' title='bbox 395 1287 426 1316; x_wconf 87' lang='lat' dir='ltr'>in</span> <span class='ocrx_word' id='word_1_194' title='bbox 456 1287 577 1315; x_wconf 87' lang='lat' dir='ltr'>terram</span> <span class='ocrx_word' id='word_1_195' title='bbox 608 1284 777 1327; x_wconf 58' lang='lat' dir='ltr'>proiectis‚</span> <span class='ocrx_word' id='word_1_196' title='bbox 795 1281 901 1326; x_wconf 90' lang='lat' dir='ltr'>palam</span> <span class='ocrx_word' id='word_1_197' title='bbox 933 1285 962 1314; x_wconf 92' lang='lat' dir='ltr'>et</span> <span class='ocrx_word' id='word_1_198' title='bbox 993 1280 1123 1326; x_wconf 88' lang='lat' dir='ltr'>publice</span> <span class='ocrx_word' id='word_1_199' title='bbox 1152 1283 1241 1326; x_wconf 83' lang='lat' dir='ltr'>ipsos</span> <span class='ocrx_word' id='word_1_200' title='bbox 1271 1280 1439 1325; x_wconf 83' lang='lat' dir='ltr'>predictos</span> <span class='ocrx_word' id='word_1_201' title='bbox 1469 1279 1509 1312; x_wconf 87' lang='lat' dir='ltr'>ab</span> <span class='ocrx_word' id='word_1_202' title='bbox 1538 1282 1694 1324; x_wconf 84' lang='lat' dir='ltr'>ingressu</span> <span class='ocrx_word' id='word_1_203' title='bbox 1723 1279 1866 1313; x_wconf 86' lang='lat' dir='ltr'>ecclesie</span> <span class='ocrx_word' id='word_1_204' title='bbox 1895 1290 1955 1313; x_wconf 87' lang='lat' dir='ltr'>seu</span> <span class='ocrx_word' id='word_1_205' title='bbox 1975 1278 2195 1312; x_wconf 89' lang='lat' dir='ltr'>ecclesiarum</span> 
     </span>
     <span class='ocr_line' id='line_1_20' title="bbox 329 1338 2196 1389; baseline -0.002 -13"><span class='ocrx_word' id='word_1_206' title='bbox 329 1347 476 1389; x_wconf 88' lang='lat' dir='ltr'>ipsorum</span> <span class='ocrx_word' id='word_1_207' title='bbox 507 1353 690 1388; x_wconf 87' lang='lat' dir='ltr'>suspensos</span> <span class='ocrx_word' id='word_1_208' title='bbox 719 1344 883 1375; x_wconf 88' lang='lat' dir='ltr'>nuncietis</span> <span class='ocrx_word' id='word_1_209' title='bbox 922 1346 955 1375; x_wconf 90' lang='lat' dir='ltr'>et</span> <span class='ocrx_word' id='word_1_210' title='bbox 992 1352 1052 1386; x_wconf 91' lang='lat' dir='ltr'>per</span> <span class='ocrx_word' id='word_1_211' title='bbox 1091 1346 1224 1375; x_wconf 87' lang='lat' dir='ltr'>vestros</span> <span class='ocrx_word' id='word_1_212' title='bbox 1262 1343 1413 1374; x_wconf 87' lang='lat' dir='ltr'>nunciari</span> <span class='ocrx_word' id='word_1_213' title='bbox 1450 1340 1580 1374; x_wconf 86' lang='lat' dir='ltr'>faciatis</span> <span class='ocrx_word' id='word_1_214' title='bbox 1618 1339 1799 1384; x_wconf 51' lang='lat' dir='ltr'>subiectos5</span> <span class='ocrx_word' id='word_1_215' title='bbox 1834 1338 1997 1373; x_wconf 85' lang='lat' dir='ltr'>facientes</span> <span class='ocrx_word' id='word_1_216' title='bbox 2034 1342 2125 1385; x_wconf 90' lang='lat' dir='ltr'>ipsos</span> <span class='ocrx_word' id='word_1_217' title='bbox 2164 1343 2196 1372; x_wconf 88' lang='lat' dir='ltr'>et</span> 
     </span>
     <span class='ocr_line' id='line_1_21' title="bbox 328 1400 2194 1449; baseline -0.002 -12"><span class='ocrx_word' id='word_1_218' title='bbox 328 1407 475 1449; x_wconf 91' lang='lat' dir='ltr'>ipsorum</span> <span class='ocrx_word' id='word_1_219' title='bbox 506 1402 684 1448; x_wconf 90' lang='lat' dir='ltr'>quemlibet</span> <span class='ocrx_word' id='word_1_220' title='bbox 714 1407 879 1448; x_wconf 85' lang='lat' dir='ltr'>tamquam</span> <span class='ocrx_word' id='word_1_221' title='bbox 912 1405 1220 1435; x_wconf 79' lang='lat' dir='ltr'>excommunicatos</span> <span class='ocrx_word' id='word_1_222' title='bbox 1251 1406 1281 1435; x_wconf 89' lang='lat' dir='ltr'>et</span> <span class='ocrx_word' id='word_1_223' title='bbox 1311 1406 1494 1446; x_wconf 74' lang='lat' dir='ltr'>agravatos</span> <span class='ocrx_word' id='word_1_224' title='bbox 1523 1404 1554 1434; x_wconf 91' lang='lat' dir='ltr'>in</span> <span class='ocrx_word' id='word_1_225' title='bbox 1585 1400 1671 1443; x_wconf 76' lang='lat' dir='ltr'>cibo,</span> <span class='ocrx_word' id='word_1_226' title='bbox 1701 1405 1792 1446; x_wconf 55' lang='lat' dir='ltr'>potu,</span> <span class='ocrx_word' id='word_1_227' title='bbox 1813 1403 1985 1444; x_wconf 75' lang='lat' dir='ltr'>oracione,</span> <span class='ocrx_word' id='word_1_228' title='bbox 2006 1400 2194 1441; x_wconf 73' lang='lat' dir='ltr'>locucione‚</span> 
     </span>
     <span class='ocr_line' id='line_1_22' title="bbox 329 1459 2195 1508; baseline -0.002 -10"><span class='ocrx_word' id='word_1_229' title='bbox 329 1468 394 1499; x_wconf 78' lang='lat' dir='ltr'>via.</span> <span class='ocrx_word' id='word_1_230' title='bbox 435 1464 520 1498; x_wconf 80' lang='lat' dir='ltr'>foro.</span> <span class='ocrx_word' id='word_1_231' title='bbox 560 1466 650 1508; x_wconf 80' lang='lat' dir='ltr'>igne.</span> <span class='ocrx_word' id='word_1_232' title='bbox 688 1462 807 1497; x_wconf 86' lang='lat' dir='ltr'>balneo</span> <span class='ocrx_word' id='word_1_233' title='bbox 847 1468 879 1496; x_wconf 91' lang='lat' dir='ltr'>et</span> <span class='ocrx_word' id='word_1_234' title='bbox 913 1466 1031 1507; x_wconf 89' lang='lat' dir='ltr'>quavis</span> <span class='ocrx_word' id='word_1_235' title='bbox 1067 1462 1128 1495; x_wconf 86' lang='lat' dir='ltr'>alia</span> <span class='ocrx_word' id='word_1_236' title='bbox 1168 1462 1310 1496; x_wconf 88' lang='lat' dir='ltr'>humana</span> <span class='ocrx_word' id='word_1_237' title='bbox 1349 1464 1610 1508; x_wconf 89' lang='lat' dir='ltr'>participacione</span> <span class='ocrx_word' id='word_1_238' title='bbox 1640 1461 1681 1495; x_wconf 88' lang='lat' dir='ltr'>ab</span> <span class='ocrx_word' id='word_1_239' title='bbox 1711 1460 1864 1495; x_wconf 85' lang='lat' dir='ltr'>omnibus</span> <span class='ocrx_word' id='word_1_240' title='bbox 1893 1460 2015 1495; x_wconf 84' lang='lat' dir='ltr'>Christi</span> <span class='ocrx_word' id='word_1_241' title='bbox 2044 1459 2195 1495; x_wconf 87' lang='lat' dir='ltr'>fidelibus</span> 
     </span>
     <span class='ocr_line' id='line_1_23' title="bbox 328 1522 2195 1568; baseline -0.002 -10"><span class='ocrx_word' id='word_1_242' title='bbox 328 1528 437 1559; x_wconf 80' lang='lat' dir='ltr'>arcius</span> <span class='ocrx_word' id='word_1_243' title='bbox 471 1527 602 1567; x_wconf 63' lang='lat' dir='ltr'>evitari7</span> <span class='ocrx_word' id='word_1_244' title='bbox 633 1524 738 1558; x_wconf 91' lang='lat' dir='ltr'>donec</span> <span class='ocrx_word' id='word_1_245' title='bbox 769 1536 785 1557; x_wconf 90' lang='lat' dir='ltr'>a</span> <span class='ocrx_word' id='word_1_246' title='bbox 815 1535 873 1558; x_wconf 83' lang='lat' dir='ltr'>sua</span> <span class='ocrx_word' id='word_1_247' title='bbox 904 1523 1053 1557; x_wconf 87' lang='lat' dir='ltr'>indurata</span> <span class='ocrx_word' id='word_1_248' title='bbox 1083 1522 1313 1556; x_wconf 88' lang='lat' dir='ltr'>inobediencia</span> <span class='ocrx_word' id='word_1_249' title='bbox 1345 1525 1545 1568; x_wconf 83' lang='lat' dir='ltr'>resipiscant</span> <span class='ocrx_word' id='word_1_250' title='bbox 1573 1527 1603 1555; x_wconf 92' lang='lat' dir='ltr'>et</span> <span class='ocrx_word' id='word_1_251' title='bbox 1634 1527 1762 1555; x_wconf 89' lang='lat' dir='ltr'>reatum</span> <span class='ocrx_word' id='word_1_252' title='bbox 1792 1533 1886 1555; x_wconf 88' lang='lat' dir='ltr'>suum</span> <span class='ocrx_word' id='word_1_253' title='bbox 1907 1525 2195 1566; x_wconf 81' lang='lat' dir='ltr'>recognoscentes</span> 
     </span>
     <span class='ocr_line' id='line_1_24' title="bbox 327 1582 2197 1619; baseline -0.002 0"><span class='ocrx_word' id='word_1_254' title='bbox 327 1586 366 1619; x_wconf 90' lang='lat' dir='ltr'>ad</span> <span class='ocrx_word' id='word_1_255' title='bbox 398 1589 553 1619; x_wconf 86' lang='lat' dir='ltr'>unitatem</span> <span class='ocrx_word' id='word_1_256' title='bbox 584 1590 699 1618; x_wconf 84' lang='lat' dir='ltr'>sancte</span> <span class='ocrx_word' id='word_1_257' title='bbox 729 1587 842 1618; x_wconf 89' lang='lat' dir='ltr'>matris</span> <span class='ocrx_word' id='word_1_258' title='bbox 872 1584 1016 1617; x_wconf 76' lang='lat' dir='ltr'>ecclesie</span> <span class='ocrx_word' id='word_1_259' title='bbox 1046 1588 1260 1617; x_wconf 83' lang='lat' dir='ltr'>revertantur</span> <span class='ocrx_word' id='word_1_260' title='bbox 1290 1588 1321 1617; x_wconf 92' lang='lat' dir='ltr'>et</span> <span class='ocrx_word' id='word_1_261' title='bbox 1351 1583 1574 1617; x_wconf 89' lang='lat' dir='ltr'>absolucionis</span> <span class='ocrx_word' id='word_1_262' title='bbox 1605 1582 1803 1616; x_wconf 89' lang='lat' dir='ltr'>beneficium</span> <span class='ocrx_word' id='word_1_263' title='bbox 1832 1582 1928 1616; x_wconf 88' lang='lat' dir='ltr'>nobis</span> <span class='ocrx_word' id='word_1_264' title='bbox 1958 1582 2118 1616; x_wconf 83' lang='lat' dir='ltr'>duntaxat</span> <span class='ocrx_word' id='word_1_265' title='bbox 2141 1585 2197 1615; x_wconf 87' lang='lat' dir='ltr'>aut</span> 
     </span>
     <span class='ocr_line' id='line_1_25' title="bbox 328 1642 2196 1692; baseline -0.002 -13"><span class='ocrx_word' id='word_1_266' title='bbox 328 1649 492 1692; x_wconf 83' lang='lat' dir='ltr'>superiori</span> <span class='ocrx_word' id='word_1_267' title='bbox 522 1651 636 1680; x_wconf 91' lang='lat' dir='ltr'>nostro</span> <span class='ocrx_word' id='word_1_268' title='bbox 666 1649 877 1679; x_wconf 88' lang='lat' dir='ltr'>reservatum</span> <span class='ocrx_word' id='word_1_269' title='bbox 907 1647 1061 1678; x_wconf 86' lang='lat' dir='ltr'>venerint</span> <span class='ocrx_word' id='word_1_270' title='bbox 1091 1643 1254 1677; x_wconf 78' lang='lat' dir='ltr'>obtinere.</span> <span class='ocrx_word' id='word_1_271' title='bbox 1310 1644 1423 1677; x_wconf 91' lang='lat' dir='ltr'>Fidem</span> <span class='ocrx_word' id='word_1_272' title='bbox 1455 1649 1565 1677; x_wconf 89' lang='lat' dir='ltr'>autem</span> <span class='ocrx_word' id='word_1_273' title='bbox 1593 1648 1707 1677; x_wconf 88' lang='lat' dir='ltr'>vestre</span> <span class='ocrx_word' id='word_1_274' title='bbox 1738 1642 1844 1677; x_wconf 88' lang='lat' dir='ltr'>[idelis</span> <span class='ocrx_word' id='word_1_275' title='bbox 1882 1645 2099 1677; x_wconf 83' lang='lat' dir='ltr'>execucionis</span> <span class='ocrx_word' id='word_1_276' title='bbox 2136 1653 2196 1688; x_wconf 84' lang='lat' dir='ltr'>per</span> 
     </span>
     <span class='ocr_line' id='line_1_26' title="bbox 328 1703 2196 1751; baseline -0.002 -11"><span class='ocrx_word' id='word_1_277' title='bbox 328 1707 510 1751; x_wconf 80' lang='lat' dir='ltr'>sigillorum</span> <span class='ocrx_word' id='word_1_278' title='bbox 555 1711 745 1740; x_wconf 81' lang='lat' dir='ltr'>vestrorum</span> <span class='ocrx_word' id='word_1_279' title='bbox 788 1708 1027 1751; x_wconf 79' lang='lat' dir='ltr'>appensionem</span> <span class='ocrx_word' id='word_1_280' title='bbox 1072 1716 1135 1738; x_wconf 90' lang='lat' dir='ltr'>una</span> <span class='ocrx_word' id='word_1_281' title='bbox 1173 1716 1246 1737; x_wconf 89' lang='lat' dir='ltr'>cum</span> <span class='ocrx_word' id='word_1_282' title='bbox 1286 1710 1476 1738; x_wconf 86' lang='lat' dir='ltr'>vestrorum</span> <span class='ocrx_word' id='word_1_283' title='bbox 1516 1707 1684 1737; x_wconf 91' lang='lat' dir='ltr'>nominum</span> <span class='ocrx_word' id='word_1_284' title='bbox 1723 1703 2030 1750; x_wconf 87' lang='lat' dir='ltr'>subscripcionibus</span> <span class='ocrx_word' id='word_1_285' title='bbox 2067 1703 2196 1737; x_wconf 79' lang='lat' dir='ltr'>factatis</span> 
     </span>
     <span class='ocr_line' id='line_1_27' title="bbox 329 1764 2195 1813; baseline -0.002 -12"><span class='ocrx_word' id='word_1_286' title='bbox 329 1771 422 1813; x_wconf 85' lang='lat' dir='ltr'>penis</span> <span class='ocrx_word' id='word_1_287' title='bbox 451 1767 511 1801; x_wconf 93' lang='lat' dir='ltr'>sub</span> <span class='ocrx_word' id='word_1_288' title='bbox 540 1767 710 1812; x_wconf 79' lang='lat' dir='ltr'>predictis.</span> <span class='ocrx_word' id='word_1_289' title='bbox 743 1766 778 1799; x_wconf 91' lang='lat' dir='ltr'>In</span> <span class='ocrx_word' id='word_1_290' title='bbox 808 1776 947 1810; x_wconf 87' lang='lat' dir='ltr'>quorum</span> <span class='ocrx_word' id='word_1_291' title='bbox 978 1768 1124 1798; x_wconf 87' lang='lat' dir='ltr'>omnium</span> <span class='ocrx_word' id='word_1_292' title='bbox 1154 1770 1184 1797; x_wconf 82' lang='lat' dir='ltr'>et</span> <span class='ocrx_word' id='word_1_293' title='bbox 1215 1765 1421 1809; x_wconf 77' lang='lat' dir='ltr'>singulorum</span> <span class='ocrx_word' id='word_1_294' title='bbox 1451 1764 1548 1798; x_wconf 82' lang='lat' dir='ltr'>Iidem</span> <span class='ocrx_word' id='word_1_295' title='bbox 1579 1769 1753 1810; x_wconf 84' lang='lat' dir='ltr'>presentes</span> <span class='ocrx_word' id='word_1_296' title='bbox 1782 1765 1896 1798; x_wconf 86' lang='lat' dir='ltr'>literas</span> <span class='ocrx_word' id='word_1_297' title='bbox 1934 1775 1994 1810; x_wconf 85' lang='lat' dir='ltr'>per</span> <span class='ocrx_word' id='word_1_298' title='bbox 2030 1766 2195 1798; x_wconf 77' lang='lat' dir='ltr'>notarium</span> 
     </span>
     <span class='ocr_line' id='line_1_28' title="bbox 329 1823 2195 1874; baseline -0.002 -13"><span class='ocrx_word' id='word_1_299' title='bbox 329 1827 494 1874; x_wconf 88' lang='lat' dir='ltr'>publicum</span> <span class='ocrx_word' id='word_1_300' title='bbox 532 1827 792 1873; x_wconf 67' lang='lat' dir='ltr'>int&#39;raseriptuim</span> <span class='ocrx_word' id='word_1_301' title='bbox 833 1837 933 1859; x_wconf 77' lang='lat' dir='ltr'>cause</span> <span class='ocrx_word' id='word_1_302' title='bbox 973 1830 1004 1858; x_wconf 84' lang='lat' dir='ltr'>et</span> <span class='ocrx_word' id='word_1_303' title='bbox 1040 1836 1215 1858; x_wconf 86' lang='lat' dir='ltr'>causarum</span> <span class='ocrx_word' id='word_1_304' title='bbox 1254 1825 1441 1859; x_wconf 82' lang='lat' dir='ltr'>huiusmodi</span> <span class='ocrx_word' id='word_1_305' title='bbox 1480 1836 1592 1859; x_wconf 90' lang='lat' dir='ltr'>coram</span> <span class='ocrx_word' id='word_1_306' title='bbox 1631 1824 1728 1859; x_wconf 91' lang='lat' dir='ltr'>nobis</span> <span class='ocrx_word' id='word_1_307' title='bbox 1772 1824 1916 1859; x_wconf 86' lang='lat' dir='ltr'>scribam</span> <span class='ocrx_word' id='word_1_308' title='bbox 1959 1823 2122 1859; x_wconf 90' lang='lat' dir='ltr'>subscribi</span> <span class='ocrx_word' id='word_1_309' title='bbox 2165 1828 2195 1857; x_wconf 88' lang='lat' dir='ltr'>et</span> 
     </span>
     <span class='ocr_line' id='line_1_29' title="bbox 328 1885 2195 1934; baseline -0.002 -12"><span class='ocrx_word' id='word_1_310' title='bbox 328 1888 498 1934; x_wconf 82' lang='lat' dir='ltr'>publicare</span> <span class='ocrx_word' id='word_1_311' title='bbox 529 1889 760 1922; x_wconf 87' lang='lat' dir='ltr'>mandavimus</span> <span class='ocrx_word' id='word_1_312' title='bbox 790 1889 960 1932; x_wconf 86' lang='lat' dir='ltr'>nostrique</span> <span class='ocrx_word' id='word_1_313' title='bbox 990 1888 1126 1919; x_wconf 89' lang='lat' dir='ltr'>maioris</span> <span class='ocrx_word' id='word_1_314' title='bbox 1155 1886 1252 1931; x_wconf 80' lang='lat' dir='ltr'>sigilli</span> <span class='ocrx_word' id='word_1_315' title='bbox 1278 1888 1440 1930; x_wconf 87' lang='lat' dir='ltr'>jussimus</span> <span class='ocrx_word' id='word_1_316' title='bbox 1470 1889 1676 1932; x_wconf 89' lang='lat' dir='ltr'>appensione</span> <span class='ocrx_word' id='word_1_317' title='bbox 1705 1885 1871 1919; x_wconf 89' lang='lat' dir='ltr'>roborari.</span> <span class='ocrx_word' id='word_1_318' title='bbox 1892 1885 2013 1920; x_wconf 89' lang='lat' dir='ltr'>Datum</span> <span class='ocrx_word' id='word_1_319' title='bbox 2034 1889 2066 1919; x_wconf 87' lang='lat' dir='ltr'>et</span> <span class='ocrx_word' id='word_1_320' title='bbox 2087 1889 2195 1918; x_wconf 82' lang='lat' dir='ltr'>actum</span> 
     </span>
     <span class='ocr_line' id='line_1_30' title="bbox 328 1946 2195 1993; baseline -0.002 -10"><span class='ocrx_word' id='word_1_321' title='bbox 328 1949 550 1983; x_wconf 85' lang='lat' dir='ltr'>Zabrdowicz</span> <span class='ocrx_word' id='word_1_322' title='bbox 589 1951 794 1983; x_wconf 86' lang='lat' dir='ltr'>monasterio</span> <span class='ocrx_word' id='word_1_323' title='bbox 832 1952 947 1981; x_wconf 92' lang='lat' dir='ltr'>nostro</span> <span class='ocrx_word' id='word_1_324' title='bbox 986 1950 1016 1980; x_wconf 93' lang='lat' dir='ltr'>in</span> <span class='ocrx_word' id='word_1_325' title='bbox 1056 1947 1184 1992; x_wconf 83' lang='lat' dir='ltr'>palacio</span> <span class='ocrx_word' id='word_1_326' title='bbox 1221 1947 1316 1981; x_wconf 81' lang='lat' dir='ltr'>nobis</span> <span class='ocrx_word' id='word_1_327' title='bbox 1353 1952 1495 1993; x_wconf 88' lang='lat' dir='ltr'>protunc</span> <span class='ocrx_word' id='word_1_328' title='bbox 1533 1959 1593 1993; x_wconf 91' lang='lat' dir='ltr'>pro</span> <span class='ocrx_word' id='word_1_329' title='bbox 1631 1946 1784 1981; x_wconf 88' lang='lat' dir='ltr'>tribunali</span> <span class='ocrx_word' id='word_1_330' title='bbox 1819 1947 1860 1980; x_wconf 86' lang='lat' dir='ltr'>ad</span> <span class='ocrx_word' id='word_1_331' title='bbox 1893 1948 1949 1991; x_wconf 87' lang='lat' dir='ltr'>jus</span> <span class='ocrx_word' id='word_1_332' title='bbox 1991 1946 2195 1980; x_wconf 88' lang='lat' dir='ltr'>reddendum</span> 
     </span>
     <span class='ocr_line' id='line_1_31' title="bbox 329 2007 2197 2051; baseline -0.002 -8"><span class='ocrx_word' id='word_1_333' title='bbox 329 2010 477 2043; x_wconf 74' lang='lat' dir='ltr'>sedendo</span> <span class='ocrx_word' id='word_1_334' title='bbox 513 2013 544 2043; x_wconf 90' lang='lat' dir='ltr'>in</span> <span class='ocrx_word' id='word_1_335' title='bbox 582 2021 683 2043; x_wconf 88' lang='lat' dir='ltr'>causa</span> <span class='ocrx_word' id='word_1_336' title='bbox 725 2008 926 2051; x_wconf 63' lang='lat' dir='ltr'>huiusmodi,</span> <span class='ocrx_word' id='word_1_337' title='bbox 964 2007 1025 2042; x_wconf 92' lang='lat' dir='ltr'>sub</span> <span class='ocrx_word' id='word_1_338' title='bbox 1061 2019 1148 2041; x_wconf 87' lang='lat' dir='ltr'>anno</span> <span class='ocrx_word' id='word_1_339' title='bbox 1187 2020 1203 2041; x_wconf 88' lang='lat' dir='ltr'>a</span> <span class='ocrx_word' id='word_1_340' title='bbox 1243 2011 1415 2042; x_wconf 78' lang='lat' dir='ltr'>nativitate</span> <span class='ocrx_word' id='word_1_341' title='bbox 1452 2008 1575 2042; x_wconf 88' lang='lat' dir='ltr'>domini</span> <span class='ocrx_word' id='word_1_342' title='bbox 1606 2008 1781 2042; x_wconf 92' lang='lat' dir='ltr'>millesimo</span> <span class='ocrx_word' id='word_1_343' title='bbox 1811 2009 2049 2041; x_wconf 88' lang='lat' dir='ltr'>trecentesimo</span> <span class='ocrx_word' id='word_1_344' title='bbox 2083 2017 2197 2040; x_wconf 86' lang='lat' dir='ltr'>nona-</span> 
     </span>
     <span class='ocr_line' id='line_1_32' title="bbox 328 2068 2196 2115; baseline -0.001 -12"><span class='ocrx_word' id='word_1_345' title='bbox 328 2073 459 2115; x_wconf 79' lang='lat' dir='ltr'>gesimo</span> <span class='ocrx_word' id='word_1_346' title='bbox 489 2074 604 2113; x_wconf 70' lang='lat' dir='ltr'>tercio,</span> <span class='ocrx_word' id='word_1_347' title='bbox 636 2070 748 2103; x_wconf 87' lang='lat' dir='ltr'>ultima</span> <span class='ocrx_word' id='word_1_348' title='bbox 770 2070 822 2103; x_wconf 82' lang='lat' dir='ltr'>die</span> <span class='ocrx_word' id='word_1_349' title='bbox 852 2071 975 2103; x_wconf 90' lang='lat' dir='ltr'>mensis</span> <span class='ocrx_word' id='word_1_350' title='bbox 1004 2068 1142 2114; x_wconf 61' lang='lat' dir='ltr'>Aprilis,</span> <span class='ocrx_word' id='word_1_351' title='bbox 1174 2068 1254 2102; x_wconf 85' lang='lat' dir='ltr'>bora</span> <span class='ocrx_word' id='word_1_352' title='bbox 1286 2072 1464 2103; x_wconf 89' lang='lat' dir='ltr'>terciarum</span> <span class='ocrx_word' id='word_1_353' title='bbox 1494 2069 1549 2103; x_wconf 81' lang='lat' dir='ltr'>vol</span> <span class='ocrx_word' id='word_1_354' title='bbox 1579 2071 1685 2114; x_wconf 76' lang='lat' dir='ltr'>quasi,</span> <span class='ocrx_word' id='word_1_355' title='bbox 1716 2069 1902 2103; x_wconf 88' lang='lat' dir='ltr'>indiccione</span> <span class='ocrx_word' id='word_1_356' title='bbox 1932 2071 2048 2114; x_wconf 84' lang='lat' dir='ltr'>prima,</span> <span class='ocrx_word' id='word_1_357' title='bbox 2079 2070 2196 2114; x_wconf 88' lang='lat' dir='ltr'>ponti-</span> 
     </span>
     <span class='ocr_line' id='line_1_33' title="bbox 329 2128 2196 2175; baseline -0.001 -12"><span class='ocrx_word' id='word_1_358' title='bbox 329 2130 445 2164; x_wconf 87' lang='lat' dir='ltr'>ficatus</span> <span class='ocrx_word' id='word_1_359' title='bbox 465 2129 667 2165; x_wconf 84' lang='lat' dir='ltr'>sanctissimi</span> <span class='ocrx_word' id='word_1_360' title='bbox 692 2134 724 2164; x_wconf 94' lang='lat' dir='ltr'>in</span> <span class='ocrx_word' id='word_1_361' title='bbox 761 2129 895 2163; x_wconf 84' lang='lat' dir='ltr'>Christo</span> <span class='ocrx_word' id='word_1_362' title='bbox 924 2132 1026 2174; x_wconf 88' lang='lat' dir='ltr'>patris</span> <span class='ocrx_word' id='word_1_363' title='bbox 1056 2140 1094 2161; x_wconf 88' lang='lat' dir='ltr'>ac</span> <span class='ocrx_word' id='word_1_364' title='bbox 1124 2129 1246 2162; x_wconf 89' lang='lat' dir='ltr'>domini</span> <span class='ocrx_word' id='word_1_365' title='bbox 1283 2132 1386 2163; x_wconf 92' lang='lat' dir='ltr'>nostri</span> <span class='ocrx_word' id='word_1_366' title='bbox 1424 2130 1547 2163; x_wconf 90' lang='lat' dir='ltr'>domini</span> <span class='ocrx_word' id='word_1_367' title='bbox 1576 2128 1739 2163; x_wconf 86' lang='lat' dir='ltr'>Bonifacii</span> <span class='ocrx_word' id='word_1_368' title='bbox 1769 2130 1869 2174; x_wconf 84' lang='lat' dir='ltr'>digna</span> <span class='ocrx_word' id='word_1_369' title='bbox 1899 2128 1951 2162; x_wconf 82' lang='lat' dir='ltr'>dei</span> <span class='ocrx_word' id='word_1_370' title='bbox 1980 2128 2196 2175; x_wconf 81' lang='lat' dir='ltr'>providencia</span> 
     </span>
     <span class='ocr_line' id='line_1_34' title="bbox 328 2194 1157 2237; baseline -0.001 -13"><span class='ocrx_word' id='word_1_371' title='bbox 328 2202 414 2237; x_wconf 78' lang='lat' dir='ltr'>pape</span> <span class='ocrx_word' id='word_1_372' title='bbox 445 2194 522 2224; x_wconf 91' lang='lat' dir='ltr'>noni</span> <span class='ocrx_word' id='word_1_373' title='bbox 552 2202 639 2225; x_wconf 88' lang='lat' dir='ltr'>anno</span> <span class='ocrx_word' id='word_1_374' title='bbox 669 2194 772 2237; x_wconf 87' lang='lat' dir='ltr'>ipsius</span> <span class='ocrx_word' id='word_1_375' title='bbox 801 2194 931 2236; x_wconf 87' lang='lat' dir='ltr'>quarto.</span> <span class='ocrx_word' id='word_1_376' title='bbox 1154 2194 1157 2197; x_wconf 85' lang='lat'>&#39;</span> 
     </span>
    </p>
   </div>
   <div class='ocr_carea' id='block_1_4' title="bbox 329 2275 2243 2383">
    <p class='ocr_par' dir='ltr' id='par_1_4' title="bbox 329 2275 2243 2383">
     <span class='ocr_line' id='line_1_35' title="bbox 485 2275 2243 2322; baseline 0 -12"><span class='ocrx_word' id='word_1_377' title='bbox 485 2277 525 2310; x_wconf 92' lang='lat' dir='ltr'>Et</span> <span class='ocrx_word' id='word_1_378' title='bbox 547 2290 611 2322; x_wconf 77' lang='lat' dir='ltr'>ego</span> <span class='ocrx_word' id='word_1_379' title='bbox 632 2276 778 2311; x_wconf 77' lang='lat' dir='ltr'>,lacobus</span> <span class='ocrx_word' id='word_1_380' title='bbox 808 2277 973 2322; x_wconf 88' lang='lat' dir='ltr'>quondam</span> <span class='ocrx_word' id='word_1_381' title='bbox 1003 2275 1166 2309; x_wconf 77' lang='lat' dir='ltr'>Joliannis</span> <span class='ocrx_word' id='word_1_382' title='bbox 1196 2276 1236 2309; x_wconf 71' lang='lat' dir='ltr'>de</span> <span class='ocrx_word' id='word_1_383' title='bbox 1267 2276 1376 2309; x_wconf 85' lang='lat' dir='ltr'>Bruna</span> <span class='ocrx_word' id='word_1_384' title='bbox 1408 2276 1551 2310; x_wconf 84' lang='lat' dir='ltr'>clericus</span> <span class='ocrx_word' id='word_1_385' title='bbox 1581 2275 1690 2310; x_wconf 83' lang='lat' dir='ltr'>Oloni.</span> <span class='ocrx_word' id='word_1_386' title='bbox 1721 2277 1866 2310; x_wconf 88' lang='lat' dir='ltr'>diocesis</span> <span class='ocrx_word' id='word_1_387' title='bbox 1896 2275 2045 2322; x_wconf 90' lang='lat' dir='ltr'>publicus</span> <span class='ocrx_word' id='word_1_388' title='bbox 2074 2280 2196 2310; x_wconf 81' lang='lat' dir='ltr'>aucto-</span> <span class='ocrx_word' id='word_1_389' title='bbox 2241 2282 2243 2289; x_wconf 89' lang='grc'><strong>’</strong></span> 
     </span>
     <span class='ocr_line' id='line_1_36' title="bbox 329 2338 904 2383; baseline 0.003 -14"><span class='ocrx_word' id='word_1_390' title='bbox 329 2340 424 2370; x_wconf 86' lang='lat' dir='ltr'>ritate</span> <span class='ocrx_word' id='word_1_391' title='bbox 454 2338 634 2383; x_wconf 78' lang='lat' dir='ltr'>imperialis</span> <span class='ocrx_word' id='word_1_392' title='bbox 665 2341 812 2371; x_wconf 82' lang='lat' dir='ltr'>notarius</span> <span class='ocrx_word' id='word_1_393' title='bbox 842 2342 904 2371; x_wconf 89' lang='lat' dir='ltr'>etc.</span> 
     </span>
    </p>
   </div>
   <div class='ocr_carea' id='block_1_5' title="bbox 641 2498 1980 2541">
    <p class='ocr_par' dir='ltr' id='par_1_5' title="bbox 641 2498 1980 2541">
     <span class='ocr_line' id='line_1_37' title="bbox 641 2498 1980 2541; baseline 0.001 -13"><span class='ocrx_word' id='word_1_394' title='bbox 641 2500 715 2541; x_wconf 57' lang='lat' dir='ltr'>(Ans</span> <span class='ocrx_word' id='word_1_395' title='bbox 740 2503 801 2528; x_wconf 67' lang='lat' dir='ltr'>dem</span> <span class='ocrx_word' id='word_1_396' title='bbox 827 2502 904 2537; x_wconf 73' lang='lat' dir='ltr'>Orig.</span> <span class='ocrx_word' id='word_1_397' title='bbox 931 2503 957 2527; x_wconf 87' lang='lat' dir='ltr'>in</span> <span class='ocrx_word' id='word_1_398' title='bbox 984 2503 1032 2527; x_wconf 82' lang='lat' dir='ltr'>der</span> <span class='ocrx_word' id='word_1_399' title='bbox 1057 2498 1249 2527; x_wconf 64' lang='lat' dir='ltr'>Bocek&#39;sclien</span> <span class='ocrx_word' id='word_1_400' title='bbox 1276 2502 1333 2535; x_wconf 65' lang='lat' dir='ltr'>Slg.</span> <span class='ocrx_word' id='word_1_401' title='bbox 1360 2510 1387 2529; x_wconf 83' lang='lat' dir='ltr'>n,</span> <span class='ocrx_word' id='word_1_402' title='bbox 1416 2502 1496 2526; x_wconf 63' lang='lat'><strong>:311⁶</strong></span> <span class='ocrx_word' id='word_1_403' title='bbox 1523 2502 1558 2527; x_wconf 83' lang='lat' dir='ltr'>im</span> <span class='ocrx_word' id='word_1_404' title='bbox 1584 2501 1672 2528; x_wconf 66' lang='lat' dir='ltr'>inii-br.</span> <span class='ocrx_word' id='word_1_405' title='bbox 1699 2500 1980 2535; x_wconf 63' lang='lat' dir='ltr'>Laudes-Arctum.)</span> 
     </span>
    </p>
   </div>
  </div>
 </body>
</html>
