2313 3090
1019 182 1091 217 115

121 286 301 328 Bobrowia
332 292 482 325 inferiori
513 302 551 324 ac
583 290 751 334 Georgius
781 293 812 323 in
835 289 948 323 Obecz
970 288 1190 322 ecclesiarum
1211 285 1342 332 plebani
1364 290 1394 319 et
1417 288 1568 318 rectores
1590 282 1824 316 Olomucensis
1846 283 1990 314 diocesis

120 354 280 400 predicta
311 356 342 386 in
372 363 507 385 suarum
538 351 676 384 salutem
707 354 891 384 animarum
921 360 1029 393 grave
1060 347 1243 394 periculum
1269 346 1412 391 dictique
1449 344 1580 391 plebani
1610 342 1782 388 hospitalis
1813 343 1993 388 supradicti

120 419 153 448 et
181 412 419 448 miserabilium
449 423 670 458 personarum
702 411 778 444 inibi
810 411 1008 455 [legencium
1039 420 1106 442 non
1136 407 1301 441 modicum
1332 406 1537 452 dispendium
1574 404 1819 449 dampnumque
1849 415 1990 446 gravem

114 476 294 519 jacturam,
324 473 507 519 predictam
539 472 718 505 ecelesiam
748 475 779 505 in
810 471 946 505 Crisans
976 473 1071 504 sitam
1102 473 1133 502 et
1163 480 1223 515 per
1253 478 1466 513 consequens
1496 469 1601 512 ipsum
1632 465 1797 510 hospitale
1824 467 1994 509 ipsiusque

119 539 287 569 rectorem
330 545 369 567 ac
406 532 529 567 Christi
571 544 737 578 pauperes
782 533 1007 578 predictarum
1047 531 1251 564 decimarum
1289 528 1427 575 pacifica
1466 528 1682 573 possessione
1734 524 1862 558 duobus
1901 527 1995 558 anuis

118 595 283 630 inclusive
313 598 429 628 contra
459 594 557 627 deum
587 598 618 627 et
635 595 803 637 justiciam
830 598 958 626 temere
979 592 1145 626 violenter
1165 590 1351 636 spoliando.
1382 599 1520 634 quarum
1542 588 1747 621 decimarum
1768 586 1993 631 predictarum

61 696 74 701 δ
119 667 248 690 summa
287 659 318 689 et
356 655 453 701 spolii
489 657 657 688 communi
694 657 912 687 estimacioue
951 653 991 686 ad
1021 653 1103 686 duos
1133 662 1238 685 annos
1268 650 1432 684 inclusive
1463 649 1502 682 ad
1533 648 1603 682 XL.
1634 658 1765 680 marcas
1794 657 1992 691 grossorum

118 719 334 763 pragensium
366 718 529 749 moravici
559 718 689 749 numeri
719 726 755 748 se
786 715 947 757 extendit,
977 718 1128 747 nostrum
1158 712 1305 746 officium
1334 710 1502 744 humiliter
1531 713 1732 754 procui-ator
1760 710 1896 741 nomine
1930 719 1994 752 quo

119 788 220 823 supra
258 776 453 822 implorans,
490 780 653 821 quatenus
692 778 723 809 in
762 775 911 821 predicta
951 786 1053 808 causa
1091 776 1189 819 spolii
1227 784 1267 806 ac
1296 772 1502 805 decimarum
1534 772 1692 815 ipsarum,
1733 768 1851 814 quibus
1881 779 1994 814 supra.

119 840 317 872 auctoritate
346 841 461 871 nostra
490 839 556 870 imo
585 839 701 870 verius
731 836 913 881 apostolica
944 838 1125 869 summarie
1155 834 1196 868 de
1225 833 1367 878 simplici
1405 836 1437 865 et
1476 831 1516 864 de
1555 830 1653 875 plano
1690 828 1816 875 absque
1856 831 1995 874 strepitu

119 903 153 933 et
188 897 296 944 figura
327 897 445 942 judicii
483 899 633 943 parcium
673 901 890 942 utrarumque
918 895 1081 941 gravibus
1118 893 1289 940 parcendo
1319 895 1478 938 expensis
1503 892 1599 935 juxta
1630 890 1820 924 mandatum
1850 889 1947 923 nobis
1977 902 1995 922 a

119 959 201 994 sede
221 958 404 1005 apostolica
426 968 625 991 concessum
646 957 833 1003 procedere
855 957 1084 1001 dignaremur.
1114 955 1301 999 Petivitque
1326 956 1526 999 procurator
1545 954 1679 985 nomine
1701 951 1806 985 dictus
1827 950 1994 985 Henricus

120 1019 261 1066 spolium
300 1018 489 1054 huiusmodi
528 1018 746 1060 decimarum,
783 1021 809 1051 si
846 1022 877 1051 et
915 1021 947 1051 in
986 1021 1142 1062 quantum
1181 1018 1212 1048 in
1251 1014 1418 1060 predictas
1447 1017 1558 1059 partes
1589 1015 1752 1046 canonice
1782 1011 1993 1057 probaretur,

120 1081 209 1115 dicto
247 1080 382 1114 domino
421 1090 481 1113 suo
521 1083 551 1112 et
590 1078 746 1124 hospitali
785 1083 860 1112 ante
899 1081 1008 1112 omnia
1046 1088 1122 1111 esse
1160 1080 1192 1110 et
1220 1075 1336 1109 deberi
1374 1074 1598 1108 restituendas
1628 1076 1777 1117 integras
1807 1072 1932 1106 dandas
1963 1077 1992 1105 et

120 1141 302 1176 solvendas
331 1152 371 1174 ac
399 1139 564 1173 introduci
586 1142 618 1172 in
639 1139 851 1185 corporalem
872 1140 1097 1185 predictarum
1119 1138 1325 1171 decimarum
1346 1137 1597 1181 possessiouem
1621 1138 1696 1167 ante
1717 1133 1781 1167 litis
1802 1136 1993 1178 ingressum

118 1206 218 1248 prout
255 1201 295 1236 de
327 1202 416 1245 jure.
460 1199 530 1234 Nos
567 1203 669 1245 igitur
702 1200 876 1233 Jaroslaus
912 1199 1015 1233 abbas
1054 1204 1087 1232 et
1110 1198 1218 1242 judex
1256 1196 1466 1242 supradictus
1496 1195 1761 1237 considerantes³
1793 1196 1993 1239 peticionem

120 1262 308 1297 huiusmodi
338 1272 414 1295 esse
444 1272 629 1306 congruam
660 1266 690 1295 et
716 1263 783 1305 juri
814 1272 1009 1294 consonam.
1040 1259 1138 1293 vobis
1164 1259 1306 1292 dominis
1335 1256 1486 1303 plebanis
1516 1260 1547 1289 et
1577 1254 1765 1289 rectoribus
1795 1254 1995 1300 supradictis

119 1335 160 1358 ac
195 1322 348 1357 omnibus
383 1322 522 1356 aliarum
561 1322 781 1356 ecclesiarum
818 1321 1016 1363 rectoribus,
1057 1323 1111 1365 qui
1140 1318 1352 1365 presentibus
1386 1319 1587 1351 coniunctim
1619 1316 1672 1349 vel
1703 1315 1835 1348 divisim
1865 1314 1994 1348 fueritis

118 1387 270 1430 requisiti
304 1388 337 1418 et
370 1386 495 1417 vestris
533 1386 625 1417 vices
663 1382 859 1428 gerentibus
899 1385 1019 1427 vigore
1057 1380 1281 1427 predictarum
1313 1379 1483 1412 literarum
1519 1376 1778 1422 apostolicarum
1808 1378 1840 1408 iu
1870 1378 1993 1408 virtute

119 1450 235 1480 sancte
274 1444 471 1478 obediencie
510 1448 540 1478 et
579 1443 639 1477 sub
678 1446 1044 1477 excommunicacionis
1088 1442 1152 1476 late
1194 1442 1368 1474 sentencie
1407 1441 1513 1484 penis„
1553 1441 1579 1472 si
1618 1437 1807 1470 mandatum
1844 1440 1994 1469 nostrum

121 1506 314 1541 distuleritis
353 1508 428 1539 sive
469 1516 535 1539 non
573 1504 734 1547 feceritis
779 1505 927 1538 districte
966 1502 1183 1549 precipiendo
1222 1500 1429 1542 mandamus,
1468 1503 1630 1544 quatenus
1661 1500 1741 1531 visis
1784 1496 1996 1542 presentibus

120 1567 286 1600 dilacione
314 1568 498 1612 postposita
528 1566 677 1612 prefatos
707 1564 907 1599 Bohdalum.
937 1564 1139 1606 Jankonem7
1168 1561 1392 1596 Michahelem
1423 1564 1455 1593 et
1476 1559 1660 1603 Georgium
1691 1557 1852 1604 plebanos
1875 1558 1993 1591 eccle-

119 1630 257 1670 siarum2
295 1626 414 1672 quibus
449 1637 562 1672 supra,
600 1638 664 1660 una
695 1637 769 1660 cum
800 1625 952 1660 omnihus
989 1629 1021 1658 et.
1050 1623 1189 1668 singulis
1218 1625 1367 1668 ipsorum
1397 1624 1428 1654 in
1458 1620 1607 1666 predicta
1637 1618 1734 1665 spolii
1764 1629 1864 1652 causa
1895 1629 1996 1651 com—

119 1687 262 1734 plicibus
309 1686 510 1734 parcialibus
563 1686 781 1721 adiutorIbus.
829 1685 1075 1720 laboratoribus
1129 1688 1160 1717 et
1211 1681 1484 1728 participantibus
1531 1692 1634 1715 sexus
1681 1683 1852 1725 utriusque
1908 1682 1997 1725 ipsos

120 1751 285 1782 moveatis
314 1759 359 1782 ex
386 1752 481 1794 parte
511 1751 627 1791 nostri2
659 1751 886 1792 cuiuscunque
917 1751 1021 1780 status
1051 1745 1176 1790 gradus
1207 1748 1237 1776 et
1267 1743 1475 1777 condicionis
1505 1741 1638 1782 fuerint,
1676 1743 1702 1774 si
1733 1743 1879 1786 ipsorum
1910 1751 1995 1786 pre-

120 1811 269 1843 senciam
308 1808 451 1843 comode
489 1808 616 1842 habere
653 1811 817 1854 poteritis.
857 1808 938 1841 alias
978 1805 1108 1852 publice
1137 1808 1170 1838 in
1199 1804 1342 1838 ambone
1372 1814 1486 1837 coram
1517 1801 1641 1836 Christi
1669 1800 1832 1835 fidelibus.
1872 1805 1905 1834 ut
1935 1803 1995 1846 ipsi

121 1874 154 1904 et
180 1872 329 1915 ipsorum
359 1868 495 1915 quilibet
522 1869 670 1916 prefatas
691 1869 838 1902 decimas
864 1868 1022 1914 spoliatas
1048 1877 1111 1900 una
1134 1877 1208 1899 cum
1229 1864 1382 1899 omnibus
1404 1864 1566 1909 dampnis,
1597 1865 1756 1908 expensis
1777 1867 1808 1895 et
1830 1865 1995 1895 iuteresse

121 1935 176 1964 aut
203 1933 350 1976 ipsarum
380 1930 507 1964 valoris
536 1930 668 1976 prefato
698 1929 852 1976 hospitali
884 1933 915 1963 et
944 1931 1047 1974 ipsius
1078 1929 1202 1960 rectori
1231 1928 1363 1970 integre
1393 1924 1478 1958 infra
1509 1924 1585 1958 hinc
1615 1929 1647 1958 et
1689 1927 1841 1968 quartam
1877 1922 1994 1955 feriam

120 1995 310 2037 proximam
339 1996 413 2037 post
442 1990 817 2037 „Quasimodogeniti“.
849 2001 946 2035 quem
977 1991 1153 2022 terminum
1183 1989 1263 2032 ipsis
1301 1988 1464 2020 canonica
1503 1987 1692 2018 monicione
1730 1983 1926 2029 prefigimus
1965 1987 1997 2015 et

121 2054 346 2096 assignamus,
376 2063 449 2086 cum
480 2052 599 2086 effectu
628 2052 769 2086 reddant
799 2055 829 2085 et
859 2050 1066 2097 persolvant,
1107 2048 1253 2092 alioquin
1282 2050 1314 2080 in
1343 2047 1432 2080 dicto
1471 2048 1613 2079 termino
1653 2044 1735 2078 hora
1774 2054 1996 2089 vesperorum

121 2115 155 2146 in
188 2112 340 2159 predicto
377 2118 492 2147 nostro
525 2115 730 2147 monasterio
767 2123 881 2146 coram
919 2111 1016 2145 nobis
1049 2110 1198 2153 legitime
1228 2109 1454 2154 peremptorie
1484 2110 1702 2152 compareant
1740 2116 1814 2138 cum
1845 2103 1997 2137 omnibus

120 2176 270 2219 ipsorum
307 2173 494 2219 privilegiis
533 2176 746 2208 munimentis
784 2177 815 2207 et
850 2172 982 2217 juribus
1021 2174 1169 2216 ipsorum
1207 2179 1309 2214 super
1339 2168 1433 2201 dictis
1463 2167 1613 2208 decimis,
1645 2168 1857 2210 assignantes
1887 2168 1997 2197 certas

122 2245 254 2277 causas,
293 2245 358 2280 quo
389 2235 467 2278 jure
504 2234 673 2280 predictas
711 2234 860 2269 decimas
899 2232 1073 2279 spoliando
1113 2235 1289 2276 occupant,
1332 2234 1364 2263 et
1393 2229 1581 2273 allegantes
1610 2226 1834 2261 racionabiles
1865 2236 1995 2258 causas.

122 2306 183 2329 cur
211 2294 361 2341 predicta
391 2294 505 2329 facere
535 2298 670 2329 minime
699 2299 888 2331 teneantur.
918 2294 1064 2338 alioquin
1090 2293 1187 2336 juxta
1217 2300 1398 2337 processus
1427 2288 1631 2334 apostolicos
1662 2287 1701 2320 ad
1723 2287 1881 2320 ulteriora
1912 2296 1996 2331 pro-

123 2356 298 2390 cedemus.
327 2355 369 2390 Et
393 2358 426 2389 in
454 2358 585 2400 signum
615 2360 730 2390 vestre
751 2357 968 2390 execucionis
989 2358 1165 2400 presentes
1186 2352 1299 2385 literas
1319 2352 1443 2384 vestris
1464 2351 1638 2394 scripturis
1660 2352 1691 2381 et
1711 2347 1828 2391 sigillis
1850 2346 1998 2380 reddatis

122 2415 184 2451 sub
221 2419 587 2450 excommunicacionis
625 2428 711 2462 pena
740 2417 912 2462 sigillatas.
971 2415 1091 2449 Datum
1122 2412 1344 2447 Zabrdowicz
1375 2412 1492 2444 maiori
1522 2414 1637 2443 nostro
1667 2407 1728 2442 sub
1757 2407 1879 2452 sigillo.
1910 2417 1998 2440 anno

123 2477 249 2511 domini
280 2476 456 2511 millesimo
486 2479 722 2511 trecentesimo
752 2479 973 2522 nonagesimo
1005 2477 1123 2517 tercio,
1153 2475 1257 2507 tercio
1288 2472 1340 2505 die
1371 2473 1496 2504 mensis
1525 2469 1664 2516 Aprilis.

436 2577 511 2619 (Aus
536 2581 598 2607 dem
623 2581 753 2615 Original
778 2582 806 2606 in
831 2581 881 2606 dor
905 2580 1100 2606 B(›(-ek'scheii
1126 2578 1186 2611 Styg,
1212 2587 1240 2606 n,
1267 2577 1348 2602 3116
1374 2576 1411 2602 im
1437 2576 1527 2605 maur,
1552 2573 1836 2607 Laudes-Archive.)

1808 2707 1866 2738 15*
