2313 3090
1205 169 1278 204 320

304 287 402 309 unam
433 275 595 309 hiemales
625 276 721 309 aliam
752 286 835 309 vero
866 274 1037 317 estivales‚
1067 278 1099 307 et
1127 274 1203 308 illud
1235 277 1378 308 triticum
1407 277 1441 309 in
1469 279 1604 321 proprio
1635 287 1695 310 suo
1725 288 1824 311 curru
1848 276 1972 310 ducere
1993 277 2032 311 ad
2054 277 2176 319 forum,

305 347 367 370 sex
396 336 502 381 pullos
533 341 564 369 ct
592 339 801 382 septuaginta
833 346 910 378 ova‚
940 346 1073 369 necnon
1103 335 1184 368 duas
1205 336 1395 373 curticulas*
1417 347 1499 381 quas
1520 335 1637 370 Petrus
1657 338 1800 371 Atturna
1822 349 1973 383 parvam,
1995 337 2176 372 secundam

303 408 388 431 vero
426 397 631 431 Hawranek.
676 401 789 429 tenent
827 396 865 429 ad
905 407 1047 441 presens
1076 395 1211 433 ibidenn
1255 408 1393 441 quarum
1438 397 1584 442 quelibet
1613 400 1718 430 eciam
1749 408 1811 432 sex
1839 409 1980 443 grossos
2009 401 2176 433 annuatim

304 463 454 491 censuat.
500 462 527 491 et
569 468 666 490 unam
697 458 782 490 diem
813 456 903 501 ligna
933 468 1084 492 seccare.
1128 456 1265 490 alteram
1296 468 1380 490 vero
1412 457 1497 490 diem
1529 462 1742 503 comportare
1771 462 1904 492 tenetur
1932 459 2062 502 eadem,
2102 470 2176 493 cum

305 518 458 551 omnibus
495 523 524 551 et
565 517 704 562 singulis
739 516 882 561 juribus,
925 520 1154 563 pertinenciis.
1197 518 1314 563 culpis„
1357 518 1549 552 utilitatibus
1580 524 1612 552 et
1641 518 1909 554 obvencionihus
1937 523 2107 554 universis
2136 520 2175 553 ad

304 582 374 624 ipsa
406 582 435 611 in
467 581 590 624 campis
621 583 653 611 et
681 577 758 611 villa
789 577 1017 623 spectantibus
1046 577 1086 611 ab
1116 581 1264 623 antiquo,
1294 583 1393 624 atque
1422 579 1521 625 pleno
1551 580 1710 619 dominioq
1741 580 1842 614 nichil
1870 580 1978 623 nobis2
1997 580 2177 615 heredibus

306 645 337 673 et
375 638 628 673 successoribus
664 641 788 672 nostris
825 641 856 672 in
896 638 958 672 hiis
991 640 1091 683 juris,
1135 642 1348 685 proprietatis
1387 644 1441 673 aut
1470 640 1606 673 dominii
1635 639 1783 685 quolibet
1811 646 2042 686 reservantes,
2072 641 2175 675 berna

304 700 409 744 regali
441 710 499 745 pro
529 699 625 732 uobis
655 700 817 733 duntaxat
847 699 997 739 exclusa„
1028 699 1173 733 ecclesie
1204 699 1405 745 parrochiali
1435 703 1465 734 in
1496 700 1674 734 Brzieznik
1703 704 1838 747 suisque
1862 701 2051 736 rectoribus
2073 705 2177 736 mini-

306 760 484 794 strantibus
514 762 722 794 successive.
759 759 800 793 de
830 764 920 793 certa
951 762 1097 793 sciencia
1128 765 1257 804 nostra,
1288 760 1373 794 bona
1403 765 1435 794 et
1463 761 1567 795 libera
1589 762 1761 795 voluntate
1782 761 1947 805 dedimus,
1977 763 2176 797 donavimus

306 827 334 854 et
366 823 626 865 assignavimus,
670 825 769 865 atque
798 825 915 853 tenore
944 824 1156 866 presencium
1187 821 1316 865 damus,
1360 822 1533 864 donamus7
1577 827 1607 856 et
1638 826 1670 856 in
1700 834 1783 857 vero
1813 828 2014 858 testamento
2043 824 2180 858 realiter

305 885 527 927 assignamus.
559 886 655 927 prout
685 893 818 915 exnunc
848 881 966 915 eudem
996 882 1083 916 bona
1114 883 1236 916 domini
1266 882 1409 916 Johanni
1440 883 1588 917 eiusdem
1620 884 1764 917 ecclesie
1785 887 1910 918 rectori
1930 887 2179 929 resignavimus

304 942 408 977 libere
438 947 468 976 et
500 945 663 977 cessimus
693 954 858 988 expresse
889 942 929 975 de
959 943 1098 982 eisdem,
1128 947 1299 989 perpetuis
1330 943 1534 990 temporibus
1563 955 1624 989 per
1653 948 1759 990 ipsum
1790 949 1822 978 et
1851 945 2002 979 eiusdem
2033 945 2178 979 ecclesie

304 1003 526 1049 parrochialis
571 1008 738 1038 rectorem
779 1015 838 1049 pro
879 1009 1030 1050 tempore.
1068 1007 1268 1038 existentem
1311 1005 1467 1045 tenenda7
1497 1005 1663 1049 habenda,
1706 1005 1910 1050 utifruenda,
1953 1006 2103 1051 regenda
2142 1010 2174 1040 et

304 1065 517 1111 possidendzu
549 1064 655 1098 modis
685 1070 796 1099 tamen
827 1070 857 1099 et
887 1064 1140 1099 condicionibus
1170 1066 1410 1111 infrascriptis:
1441 1069 1559 1111 primo5
1590 1067 1676 1112 quod
1707 1067 1794 1100 idem
1825 1066 1979 1101 dominus
2003 1067 2177 1101 Johannes

304 1130 417 1160 rector
455 1129 485 1159 in
527 1125 704 1160 Brzieznik
741 1130 859 1172 suique
898 1127 1050 1172 legittimi
1089 1138 1307 1160 successores
1345 1137 1479 1160 exnunc
1517 1132 1549 1160 et
1586 1130 1718 1161 inantea
1757 1127 1854 1161 nobis
1891 1127 2110 1173 Margarethe
2147 1133 2179 1162 et

305 1188 438 1221 domino
484 1185 639 1220 Jaroslao
683 1190 801 1221 marito
853 1199 928 1221 meo
964 1188 1168 1234 supradicto.
1221 1190 1333 1233 pueris
1372 1192 1405 1221 et.
1443 1188 1622 1222 heredibus
1660 1178 1786 1234 pariter
1824 1193 1854 1222 et
1893 1188 2178 1234 progenitoribus,

304 1247 475 1285 fratribus„
518 1247 704 1289 sororibus,
739 1252 936 1294 cunctisque
967 1251 1083 1283 amicis
1113 1253 1142 1282 et
1173 1248 1429 1283 successoribus
1458 1252 1581 1284 nostris
1611 1249 1777 1283 defunctis
1806 1249 1987 1283 infuturum
2018 1249 2118 1284 dehet
2146 1254 2179 1284 et

304 1314 436 1343 tenetur
474 1308 621 1354 quolibet
659 1321 746 1343 anno
777 1309 892 1343 facere
922 1315 1040 1355 quater
1069 1313 1231 1355 exequias
1261 1310 1476 1356 sollempnes„
1519 1310 1714 1356 frequenter
1742 1314 1898 1356 proximo
1929 1311 1981 1345 die
2011 1311 2178 1345 dominico

305 1375 380 1403 ante
410 1369 554 1415 quelibet
586 1369 889 1416 Quatuortempora
920 1370 1095 1405 cuiuslibet
1124 1374 1200 1405 anni
1231 1374 1408 1413 currentis„
1439 1371 1479 1405 de
1508 1382 1654 1417 vespere
1675 1372 1806 1417 quidem
1830 1371 1953 1406 dehent
1974 1376 2006 1406 et
2025 1376 2180 1406 tenentur

303 1433 374 1476 ipse
403 1435 527 1466 rector.
558 1434 612 1476 qui
642 1442 702 1477 pro
733 1436 884 1477 tempore.
915 1432 1024 1468 fuerit.
1055 1432 1278 1478 personaliter
1307 1444 1383 1466 cum
1414 1432 1485 1466 aliis
1515 1432 1618 1467 tribus
1648 1432 1845 1479 presbiteris
1874 1437 1907 1467 et
1937 1438 2176 1479 campanatore

304 1492 437 1537 vigilias
466 1502 589 1525 novem
621 1492 806 1526 leccionum
838 1504 911 1526 cum
942 1493 1094 1527 laudibus
1124 1497 1155 1526 et
1185 1494 1330 1539 sepulcri
1350 1497 1561 1530 visitacione.
1583 1499 1659 1527 ante
1680 1497 1791 1527 omnia
1812 1494 1853 1527 de
1875 1505 1954 1528 cera
1976 1499 2008 1528 et
2028 1494 2178 1528 candelis

305 1553 344 1586 ad
384 1552 447 1586 hoc
486 1556 692 1587 neeeesariis
722 1554 946 1599 providendo,
989 1557 1020 1587 iu
1050 1557 1197 1588 erastino
1228 1565 1324 1597 vero,
1367 1554 1449 1589 feria
1480 1554 1640 1597 secunda,
1684 1566 1781 1588 mane
1810 1558 1950 1601 primam
1981 1557 2118 1590 missam
2146 1558 2178 1589 in

304 1613 434 1647 honore
473 1617 717 1660 assumpcionis
755 1614 853 1648 beate
891 1614 998 1649 Mai-ie
1038 1618 1180 1660 virginis
1218 1615 1379 1660 gloriose,
1419 1618 1450 1649 in
1489 1618 1581 1649 euius
1612 1615 1774 1649 honorem
1806 1616 1924 1650 eadem
1954 1615 2178 1662 parrochialis

305 1675 447 1708 ecclesia
478 1678 516 1708 sit
547 1680 757 1710 consecrata.
805 1676 1034 1722 sollempniter
1063 1677 1103 1710 ad
1133 1676 1265 1722 plenum
1296 1681 1328 1710 et
1359 1689 1403 1711 ex
1431 1681 1512 1719 1010,
1542 1676 1722 1710 secundam
1752 1687 1837 1710 vero
1867 1679 2001 1711 missam
2032 1676 2180 1711 defunc-

304 1741 410 1769 torum
459 1736 669 1769 solummodo
712 1737 751 1770 ad
796 1737 1041 1777 elevacionem„
1089 1749 1162 1771 euin
1208 1737 1335 1773 dualuis
1378 1739 1487 1771 missis
1529 1737 1680 1782 legendis
1723 1748 1783 1782 pro
1831 1737 1997 1771 defunctis
2040 1742 2178 1771 cantare

304 1797 544 1842 sollempnitem
572 1800 689 1830 iterum
721 1797 953 1831 concludendo
984 1809 1057 1831 cun]
1089 1798 1233 1844 sepulcri
1263 1801 1475 1840 visitacione5
1504 1802 1537 1832 ut
1567 1801 1599 1832 in
1629 1797 1747 1831 talibus
1777 1797 1849 1832 fieri
1879 1803 1930 1832 est
1959 1803 2178 1842 consuetum3

305 1857 401 1891 (lebet
433 1860 538 1891 eciam
570 1858 654 1891 idem
687 1859 839 1892 dominus
869 1858 1055 1893 Johannes·
1085 1862 1202 1905 suique
1232 1870 1451 1893 successores
1480 1859 1630 1904 legittiini
1660 1862 1691 1892 in
1722 1858 1901 1892 Brzieznik
1921 1859 2052 1905 plebani
2074 1859 2178 1894 tribus

304 1918 366 1952 illis
405 1917 601 1963 presbiteris
641 1918 734 1952 feriis
772 1920 928 1953 secundis
968 1920 1144 1954 cuiuslibet
1182 1923 1405 1954 anniversarii
1444 1931 1504 1965 per
1541 1920 1700 1953 circulum
1740 1923 1815 1954 anni
1846 1920 1887 1953 de
1917 1919 2006 1954 bono
2035 1920 2176 1966 prandio

304 1979 499 2025 providere„
530 1984 627 2024 atque
657 1991 730 2013 cum
761 1980 825 2014 hoc
855 1985 997 2026 quatuor
1026 1984 1057 2015 in
1087 1993 1202 2015 mensa
1233 1992 1399 2027 pauperes
1429 1980 1625 2026 frequenter
1654 1984 1793 2023 nutrire,
1824 1980 1959 2015 cuilibet
1988 1980 2178 2028 presbitero

306 2040 390 2073 duos
429 2051 568 2085 grossos
607 2041 811 2085 arrogandoq
851 2045 1080 2088 campanatori
1118 2053 1218 2076 unum
1257 2053 1413 2087 grossum
1445 2046 1476 2075 et
1505 2041 1639 2075 cuilibet
1668 2045 1806 2087 pauperi
1836 2053 1897 2088 per
1925 2053 2026 2076 unum
2056 2042 2180 2076 bonum

306 2100 501 2143 hallensem7
532 2113 671 2146 quorum
703 2112 763 2148 pro
793 2113 914 2147 grosso
945 2103 1120 2137 duodecim
1143 2109 1289 2144 current„
1311 2106 1462 2150 pecuniis
1483 2114 1557 2136 cum
1579 2105 1703 2148 paratis
1724 2103 1940 2147 assignando.
1962 2103 1999 2137 In
2020 2107 2178 2137 eventum

304 2173 401 2203 verot
445 2165 471 2195 si
514 2162 601 2195 idem
646 2162 799 2196 (lominus
841 2163 1014 2197 Johaunes
1052 2169 1107 2198 aut
1140 2168 1200 2200 ,sui
1243 2165 1395 2209 legittimi
1433 2174 1650 2198 successores
1690 2167 1721 2197 in
1758 2163 1936 2198 Brzieznik
1974 2163 2106 2210 plebani
2145 2167 2177 2198 in

305 2225 477 2268 premissis
506 2226 748 2257 anniversariis
779 2224 895 2258 fiendis
925 2230 979 2258 aut
1010 2236 1126 2259 eorum
1157 2225 1280 2271 aliquo*
1310 2230 1344 2259 ut
1373 2229 1423 2258 est
1451 2227 1604 2270 superius
1626 2230 1839 2271 conceptum,
1862 2225 1962 2259 fuerit
1983 2229 2038 2259 aut
2058 2225 2181 2260 fuerint

306 2283 518 2327 negligentes
548 2285 602 2317 vel
633 2287 773 2318 remissi.
805 2290 928 2319 extunc
957 2297 1017 2331 pro
1047 2286 1192 2331 qualibet
1222 2281 1434 2331 negligencia
1464 2288 1692 2331 cuiuscunque
1713 2289 1937 2320 anniversarii
1960 2286 2041 2320 tales
2061 2286 2179 2330 negli-

305 2349 425 2387 gentes
464 2344 584 2379 debent
622 2357 682 2391 per
721 2346 865 2380 heredes
899 2351 931 2380 et
973 2358 1192 2382 successores
1230 2352 1377 2390 nostros,
1421 2356 1524 2392 penes
1555 2350 1788 2380 reverenciam
1820 2346 2026 2381 honorabilis
2055 2347 2180 2382 domini

307 2404 458 2439 ‹⁷›ssicialis
490 2406 736 2443 olomucensis
776 2411 917 2452 protunc
947 2411 1134 2451 existentis,
1161 2412 1326 2448 accusari„
1357 2411 1390 2441 ut
1419 2417 1478 2452 per
1509 2418 1685 2441 censuram
1716 2408 1993 2451 ecclesiasticam,
2024 2407 2178 2453 neglecta

306 2476 510 2511 1·e‹.·up:u·ar‹=
549 2478 622 2500 eum
655 2470 881 2513 impensarum
913 2468 1149 2503 satisfaccione
1179 2469 1421 2516 compellantur
1450 2469 1488 2502 ad
1521 2469 1735 2513 condignuun
1779 2470 1960 2502 occasione
1990 2467 2180 2509 huiusmodi

306 2527 554 2571 quomodolibet
585 2527 758 2571 factal-uim
790 2533 887 2574 prout
916 2540 952 2562 se
982 2529 1067 2575 apud
1100 2535 1171 2564 acta
1203 2533 1393 2565 consistorii
1423 2529 1657 2564 Olomucensis
1688 2533 1719 2563 in
1750 2528 1856 2574 figura
1882 2528 1999 2574 judicii
2028 2528 2180 2574 prefatus

307 2586 458 2619 domiuus
497 2587 680 2628 Johannvs„
724 2593 880 2633 quantum
912 2592 943 2622 in
973 2602 1013 2622 eo
1044 2595 1105 2634 estq
1149 2602 1435 2636 successoresque
1465 2602 1544 2625 suos
1574 2590 1671 2624 debet
1701 2590 1887 2624 inscribere
1917 2594 1949 2623 et
1976 2589 2016 2623 ad
2047 2589 2178 2635 singula

306 2646 460 2680 facienda
500 2648 559 2681 sub
589 2660 673 2694 pena
705 2652 1070 2684 excomuuniicacionis
1100 2651 1242 2686 finaliter
1271 2651 1434 2697 obligare,
1465 2655 1563 2696 atque
1594 2651 1688 2685 nobis
1719 2655 1905 2685 extractum
1937 2651 1978 2684 de
2007 2652 2089 2684 actis
2118 2649 2179 2684 sub
