2313 3090
1181 156 1254 190 ‘264

1168 312 1276 347 282.

910 389 1113 435 Rysenbury
1146 389 1202 423 13.
1238 390 1387 423 October
1418 386 1527 424 1395.

441 468 647 532 ''arkgraf
672 486 781 519 Jodok
812 486 939 519 l'ordert
969 485 1022 519 die
1043 485 1278 519 Ratlunanuen
1309 489 1340 518 in
1361 485 1476 519 Berlin
1505 486 1571 520 auf.
1601 498 1641 519 zu
1664 490 1773 520 einem
1795 491 2017 531 angesetzten
2038 486 2154 520 Land-

284 554 373 594 tage.
404 550 462 582 aut'
488 548 654 581 welcliem
686 547 757 580 sicli
786 546 967 591 Mai-kgraf
992 546 1155 580 Wilhelm
1188 557 1256 579 von
1285 546 1433 580 Meissen
1463 546 1630 581 einfinden
1660 547 1790 589 werde
1830 546 1882 580 die
1910 546 2057 580 Mannen
2086 546 2154 580 und

285 610 400 643 stadie
431 608 641 642 einzuladen.

596 714 708 742 iRiedel
735 713 831 738 Codex
856 713 1030 740 Brandeub„
1048 712 1079 737 B.
1106 712 1160 739 III.
1185 721 1212 745 p.
1242 712 1322 740 125.)

1171 884 1278 920 283.

286 964 391 1008 l'apst
425 963 577 1008 Bom'faz-
614 963 677 997 IX.
717 965 929 1008 incorpore'rt
964 964 1037 997 dem
1069 963 1210 996 Isloster
1249 961 1413 997 ll'ilemoz·
1449 964 1503 997 (lie
1543 963 1691 1006 Psarren
1721 965 1752 996 ἱη
1792 961 1902 1003 Ψαῐῠ,
1933 962 2153 1005 ΑιιθνςοΙιίέό,

693 1024 879 1069 Leiperle‘lz·
909 1025 975 1057 ((ηᾶ
1003 1023 1116 1058 Libee.
1149 1023 1206 1057 Dt.
1237 1023 1327 1057 Rom
1357 1023 1415 1057 14.
1450 1024 1600 1058 October
1630 1023 1740 1058 1395.

442 1102 655 1154 Bonifacius
685 1124 863 1166 episcopus
892 1131 1013 1154 servus
1042 1131 1219 1154 servorum
1249 1121 1301 1154 dei
1331 1121 1460 1154 dilectis
1481 1120 1554 1153 liliis
1574 1119 1685 1153 abbati
1705 1125 1737 1154 et
1759 1123 1941 1154 conventui
1963 1123 2156 1154 monasterii

283 1181 455 1215 beatorum
473 1180 561 1215 Petri
592 1186 624 1215 et
654 1181 744 1214 Pauli
773 1181 1002 1227 apostolorum
1033 1185 1065 1215 in
1095 1181 1277 1214 Willeniov
1308 1181 1435 1214 ordinis
1464 1184 1570 1214 sancti
1600 1180 1786 1224 Benedicti,
1807 1180 1989 1226 Pragensis
2009 1181 2155 1215 diocesis

282 1243 421 1276 salutem
453 1247 483 1275 et
513 1242 728 1288 apostolicam
761 1241 1047 1276 benediccionem.
1078 1241 1194 1287 Exigit
1223 1246 1338 1275 vestre
1368 1241 1566 1276 devocionis
1596 1244 1772 1275 sinceritas
1811 1246 1841 1275 et
1880 1241 2065 1286 religionis,
2094 1241 2155 1276 sub

283 1315 345 1348 qua
377 1305 534 1337 devotum
566 1303 733 1337 exhibetis
764 1303 898 1337 domino
930 1303 1135 1337 famulatum.
1166 1307 1377 1348 promeretur
1415 1303 1585 1345 honestas„
1624 1307 1658 1335 ut
1695 1305 1880 1348 peticiones
1909 1307 2055 1345 vestras7
2083 1302 2156 1336 illas

284 1367 458 1410 presertim
490 1376 553 1410 que
584 1365 796 1398 commodum
827 1369 859 1397 et
887 1364 1059 1398 utilitatem
1099 1367 1245 1397 vestram
1286 1367 1318 1396 et
1356 1366 1548 1397 monasterii
1587 1367 1693 1398 vestri
1723 1366 1896 1409 respicere
1925 1364 2155 1407 dinoscuntur,

283 1430 439 1471 quantum
470 1436 543 1459 cum
576 1425 639 1458 deo
669 1436 846 1471 possumus
875 1425 914 1458 ad
942 1416 1177 1458 'exaudicionis
1205 1427 1353 1469 graciam
1386 1423 1617 1458 favorabiliter
1637 1425 1849 1458 admittimus.
1880 1424 1966 1458 Hinc
1985 1429 2047 1468 est„
2068 1424 2155 1470 quod

283 1497 343 1519 nos
373 1489 497 1519 vestris
527 1489 557 1519 in
589 1485 651 1519 hac
681 1490 775 1532 parte
805 1485 1109 1532 supplicacionibus
1138 1486 1296 1521 inclinati.
1338 1489 1370 1518 ut
1401 1485 1629 1519 incumbencia
1661 1485 1757 1519 vobis
1787 1496 1890 1519 onera
1921 1485 2062 1520 valeatIs
2094 1496 2155 1532 pro

282 1551 433 1592 tempore
463 1547 671 1581 commodius
700 1552 911 1593 supportare.
943 1548 983 1581 de
1013 1547 1151 1580 alicuius
1180 1545 1419 1579 subvencionis
1449 1547 1572 1580 auxilio
1601 1546 1699 1580 vobis
1728 1546 1911 1592 providere
1940 1546 2094 1581 volentes
2123 1549 2155 1580 in

284 1608 414 1641 Walez.
446 1611 476 1641 in
507 1608 651 1642 Aut-titz.
683 1611 713 1642 in
745 1608 943 1654 Lonpraticz
973 1613 1003 1642 et
1034 1607 1193 1653 Lybyecz
1222 1607 1436 1653 parochiales
1458 1608 1620 1641 eeclesias
1651 1607 1887 1642 Olomucensis
1917 1613 1949 1641 et
1974 1607 2154 1655 Pragensis

283 1669 479 1702 diocesium.
519 1680 582 1714 que
620 1674 653 1702 ut
689 1673 840 1703 asseritis
879 1669 919 1703 de
951 1671 1028 1713 jure
1067 1673 1261 1714 patronatus
1301 1671 1405 1702 vestri
1444 1671 1636 1702 monasterii
1674 1668 1849 1702 beatorum
1886 1668 1974 1702 Petri
2004 1673 2035 1702 et
2064 1667 2155 1702 Pauli

283 1730 510 1776 apostolorum
542 1733 571 1763 in
607 1730 794 1775 XVylemov
833 1730 959 1763 ordinis
992 1733 1097 1763 sancti
1137 1729 1308 1763 Benedicti
1347 1730 1433 1763 dicte
1470 1729 1651 1774 pragensis
1681 1730 1826 1764 diocesis
1865 1733 2023 1773 existunt,
2066 1741 2155 1775 qua-

282 1803 423 1836 rumque
459 1794 636 1836 sexaginta
676 1792 762 1825 dicto
800 1796 914 1824 vestro
952 1794 1167 1824 monasterio.
1208 1793 1301 1824 cuius
1339 1795 1470 1824 centum
1511 1790 1720 1824 marcharum
1752 1794 1883 1836 argenti
1912 1794 1984 1836 puri
2015 1790 2154 1833 fructus,

282 1852 430 1885 redditus
466 1863 504 1885 ac
541 1857 726 1897 proventus
757 1852 939 1885 secundum
970 1863 1180 1886 communem
1221 1854 1507 1885 existimaciouem
1548 1851 1697 1885 valorem
1738 1863 1895 1895 annuum,
1931 1856 1965 1885 ut
1994 1854 2156 1895 asseritis,

283 1925 346 1947 non
378 1914 557 1946 excedunt.
590 1924 662 1946 cum
695 1912 848 1946 omnibus
879 1912 1003 1946 iuribus
1033 1918 1064 1946 et
1094 1915 1310 1958 pertinenciis
1340 1915 1407 1945 suis
1437 1915 1634 1945 auctorItate
1664 1912 1847 1958 apostolica
1869 1917 1987 1946 tenore
2007 1924 2155 1959 presen-

282 1978 366 2007 cium
398 1978 560 2019 perpetuo
590 1977 857 2019 incorporannis.
899 1977 1107 2007 annectimus
1146 1978 1175 2007 et
1218 1977 1359 2010 unimus*
1400 1976 1441 2006 ita
1481 1972 1566 2017 quod
1607 1973 1802 2007 cedentibus
1832 1974 1887 2007 vel
1917 1973 2156 2008 decedentibus

282 2035 410 2068 dilectis
440 2034 513 2068 tiliis
544 2035 730 2068 rectoribus
761 2035 943 2069 earundem
975 2035 1208 2077 ecclesiarum⁷
1240 2037 1293 2079 qui
1324 2044 1410 2066 nunc
1439 2037 1513 2066 sunt
1543 2038 1596 2066 aut
1627 2034 1707 2067 alias
1748 2038 1836 2079 ipsas
1875 2034 2038 2068 ecclesias
2067 2045 2156 2079 quo—

283 2095 462 2129 modolibet
494 2095 742 2140 dimittentilnis.
774 2096 871 2129 liceat
892 2095 988 2130 vobis
1010 2096 1220 2141 corporalem
1243 2098 1491 2141 possessionem
1514 2095 1694 2128 earundem
1718 2095 1936 2129 ecclesiarum
1960 2098 2157 2129 auctoritate

282 2159 414 2202 propria
446 2156 713 2202 apprehendere.
745 2162 797 2189 aut
829 2160 935 2190 eciam
966 2159 997 2190 in
1027 2167 1106 2190 usus
1133 2161 1269 2207 ¹vestros
1298 2161 1460 2201 perpetuo
1490 2159 1648 2192 retinere.
1679 2167 1742 2189 nec
1772 2167 1838 2189 non
1860 2155 1988 2190 fructus
2008 2156 2157 2190 redditus

281 2222 309 2249 et
342 2221 526 2262 proventus
557 2216 744 2250 huiusmodi
775 2218 996 2251 ecclesiarum
1027 2220 1057 2250 in
1087 2220 1348 2264 supportacioue
1379 2217 1560 2250 eorundem
1592 2227 1730 2250 onerum
1763 2217 1937 2263 deputare,
1967 2228 2068 2263 super
2093 2216 2158 2250 hoc

281 2278 450 2311 diocesani
489 2278 552 2310 loci
582 2289 642 2323 pro
682 2282 832 2323 tempore
862 2281 1037 2312 existentis
1067 2283 1099 2312 ct
1128 2281 1356 2323 cuiuscunque
1385 2278 1520 2311 alterius
1551 2278 1687 2311 licencia
1718 2289 1777 2312 seu
1816 2289 1984 2313 consensu
2023 2281 2157 2312 minime

281 2342 472 2384 requisitis:
509 2341 694 2372 reservatis
733 2343 841 2372 tamen
882 2350 941 2384 pro
980 2340 1122 2383 singulis
1161 2342 1331 2385 perpetuis
1371 2341 1505 2372 vicariis
1540 2339 1617 2372 inibi
1648 2344 1811 2385 perpetuo
1851 2339 2072 2382 instituendis,
2102 2341 2156 2384 qui

280 2403 385 2432 eriam
424 2399 576 2433 monachi
614 2399 757 2447 professi
798 2400 937 2445 predicti
977 2403 1171 2434 monasterii
1210 2411 1285 2434 esse
1315 2403 1454 2445 possint.
1493 2401 1633 2441 singulis
1668 2403 1828 2445 congruis
1857 2398 2086 2446 porcionibus,
2116 2399 2156 2432 de

279 2460 397 2505 quilius
428 2472 578 2504 congrue
608 2461 805 2503 subtentaru
837 2461 1039 2507 episcopalia
1066 2464 1142 2505 jura
1173 2461 1320 2495 solvere.
1358 2465 1388 2493 et
1426 2460 1488 2493 alia
1529 2463 1576 2493 eis
1617 2460 1849 2494 incumbencia
1889 2471 1992 2494 onera
2021 2459 2156 2494 valeant

280 2527 489 2566 supportare.
522 2521 594 2555 Non
627 2521 845 2560 obstantibus„
876 2526 902 2556 si
939 2523 1039 2568 aliqui
1077 2534 1178 2568 super
1215 2520 1462 2568 provisionibus
1499 2521 1559 2554 sibi
1597 2521 1758 2555 faciendis
1799 2521 1839 2555 de
1876 2521 2063 2555 huiusmodi
2101 2520 2156 2554 vel

281 2583 351 2616 aliis
392 2583 563 2617 beneficiis
602 2583 842 2617 ecclesiasticis
881 2587 910 2617 in
948 2584 1010 2617 illis
1048 2583 1196 2630 partibus
1236 2583 1401 2629 speciales
1440 2583 1492 2616 vel
1527 2583 1707 2627 generales
1746 2583 1930 2629 apostolice
1968 2583 2057 2618 sedis
2100 2582 2156 2616 vel

285 2643 471 2683 legatorum
511 2647 581 2676 eius
621 2644 734 2677 literas
775 2647 994 2690 impetrarinte
1032 2647 1137 2678 eciam
1177 2647 1202 2677 si
1239 2655 1298 2689 per
1341 2655 1398 2677 eas
1441 2643 1479 2677 ad
1526 2643 1773 2687 uihihieionem,
1818 2647 2092 2678 reservacionem
2123 2647 2156 2676 et
