2313 3090
1249 196 1321 230 160

1244 352 1347 389 164.

354 428 429 462 Der
463 429 676 463 Obroiritz-ei·
705 430 774 463 Abt
801 430 989 463 Jaroslcms
1019 431 1229 463 entseleeidet
1259 431 1322 464 den
1352 430 1499 465 Process
1529 433 1696 466 zwz'scleen
1735 433 1799 466 den
1828 432 2042 466 Altbrtmner
2073 431 2215 465 Krena-

559 491 681 523 leet-reu
705 491 771 523 med
794 491 856 524 (len
879 490 1047 534 Pfarreru
1078 490 1227 526 Bohdal.
1257 491 1371 525 Janlco
1401 495 1464 525 etc.
1496 504 1537 526 zu
1569 493 1719 526 szslen
1749 494 1810 526 fler
1839 496 2006 526 ersteren.

982 551 1040 585 Dt.
1076 551 1250 585 Obrowe'tz-
1281 552 1338 586 11.
1370 552 1443 586 ‚lali
1471 553 1580 587 1393.

506 627 649 681 (¹liristi
671 651 803 681 nomine
842 651 1011 686 invocatoq
1049 659 1093 681 ex
1118 651 1211 682 cuius
1246 648 1337 682 vultu
1368 653 1458 682 recta
1496 650 1681 695 procedunt
1706 650 1843 693 judiciaq
1882 660 1944 683 nos
1972 648 2144 683 Jaroslaus
2173 649 2213 682 de

351 708 574 746 Schellnhem
604 708 713 741 divina
744 711 967 742 miseracione
997 708 1099 742 abbas
1129 712 1322 743 monasterii
1350 709 1448 743 beate
1476 710 1582 744 Marie
1615 713 1756 752 virginis
1785 709 2080 743 Zabrdowicensis
2108 720 2212 755 prope

353 769 495 802 Brunam
526 769 650 802 ordinis
672 768 987 803 Prenionstratentis
1009 769 1243 803 Oloniueensis
1273 770 1428 813 diocesis,
1454 771 1560 815 judex
1590 776 1621 804 et
1642 775 1864 805 conservator
1883 774 2064 816 perpetuus
2088 771 2211 814 jurium

348 834 379 861 et,
417 829 670 874 privilegiorum
716 829 961 863 honorabilium
1005 835 1037 863 et
1083 830 1319 874 religiosorum
1372 834 1519 865 virorum
1568 832 1777 865 dominorum
1816 834 1964 876 magistri
2004 836 2036 865 et
2073 831 2210 865 fratrum

347 890 587 924 cruciferorum
651 890 775 924 ordinis
840 894 945 924 sancti
1000 891 1164 925 Johannis
1220 891 1390 937 hospitalis
1446 891 1706 926 Jerosolimitani
1762 896 1826 925 etc.
1882 894 1914 925 in
1970 903 2092 936 causa⁷
2147 903 2210 938 que

346 954 431 983 inter
474 951 667 995 religiosum
710 954 818 984 virum
863 952 1029 984 dominum
1069 950 1241 985 Nicolaum
1286 952 1423 986 fratrem
1467 954 1592 987 ordinis
1635 953 1878 987 cruciferorum
1916 955 2022 986 sancti
2050 952 2211 986 Johannis

346 1010 516 1055 hospitalis
550 1011 811 1045 Jerosolimitani
850 1012 1031 1057 supradicti
1066 1023 1106 1046 ac
1143 1017 1310 1046 rectorem
1350 1017 1382 1046 et
1419 1013 1594 1059 plebanum
1635 1013 1806 1058 hospitalis
1844 1016 1873 1046 in
1913 1012 2060 1058 Antiqua
2098 1012 2208 1047 Bruna

345 1072 493 1116 predicte
531 1071 765 1105 Olomucensis
804 1073 948 1106 diocesis
987 1077 1135 1106 actorem
1174 1084 1217 1106 ex
1256 1084 1331 1111 una„
1371 1078 1403 1107 et
1441 1074 1604 1107 discretos
1643 1077 1735 1107 viros
1765 1074 1916 1107 dominos
1954 1073 2138 1108 Bohdalum
2178 1077 2209 1108 in

344 1131 501 1177 Kinbeyt.
532 1131 719 1165 Jankonem
750 1135 781 1165 in
812 1132 1018 1169 Boin-ovvka.
1055 1132 1277 1168 Micbabelem
1307 1137 1339 1168 in
1369 1135 1519 1168 inferiori
1548 1134 1729 1168 Bobrowia
1759 1139 1791 1168 et
1821 1134 2005 1179 Georgium
2033 1137 2065 1168 in
2096 1134 2209 1170 Obecz

343 1193 560 1226 ecclesiarum
584 1192 743 1238 plebanos
766 1198 795 1227 et
817 1199 968 1227 rectores
999 1195 1085 1227 dicte
1115 1194 1348 1228 Olomucensis
1379 1196 1522 1229 diocesis
1552 1206 1640 1235 reos‚
1662 1200 1755 1240 parte
1777 1207 1820 1228 ex
1841 1195 1957 1231 altera.
1979 1206 2093 1229 coram
2113 1195 2208 1230 nobis

342 1254 394 1286 diu
425 1256 532 1287 extitit
561 1254 743 1297 ventdlata,
775 1258 856 1289 visis
877 1260 909 1288 et
938 1256 1115 1300 diligenter
1145 1258 1302 1301 inspectis
1328 1259 1409 1289 actis
1439 1261 1470 1289 et
1500 1259 1711 1289 munimentis
1740 1267 1779 1289 ac
1794 1255 1925 1300 juribus
1954 1259 2102 1302 parcium
2133 1256 2209 1290 hinc

343 1314 417 1347 inde
447 1314 551 1348 solum
583 1315 680 1348 deum
710 1326 770 1361 pre
800 1316 903 1349 oculis
935 1316 1096 1350 babentes
1126 1328 1185 1362 pro
1217 1316 1367 1350 tribunali
1407 1317 1563 1351 sedentes
1602 1328 1661 1362 per
1696 1316 1781 1350 hanc
1817 1322 1964 1351 nostram
2000 1316 2206 1351 diffinitivam

341 1378 544 1408 sentenciam
584 1379 615 1409 in
653 1376 702 1409 liis
740 1380 872 1422 scriptis
911 1377 1049 1411 dicimus
1087 1380 1334 1411 sentenciamus
1373 1383 1404 1411 et
1434 1380 1725 1423 pronuncciamus.
1764 1378 1851 1423 quod
1881 1378 1957 1411 dicti
1986 1381 2206 1424 prenominati

341 1438 388 1469 rei
428 1436 561 1469 indilate
599 1437 723 1470 cedere
762 1437 885 1471 debent
921 1438 961 1471 de
997 1442 1212 1483 possessione
1250 1444 1278 1471 et
1318 1441 1545 1484 occupacione
1582 1439 1784 1472 decimarum
1825 1438 1957 1484 frugum
1995 1442 2141 1473 omnium
2175 1444 2207 1473 et

339 1497 558 1541 singulorum.
590 1501 818 1544 cuiuscunque
847 1501 943 1542 grani
973 1502 1129 1536 existant*
1161 1503 1437 1545 provenieneium
1467 1501 1507 1533 de
1535 1500 1622 1533 villis
1643 1500 1738 1535 dictis
1759 1499 1991 1537 Crewczdorf„
2020 1499 2205 1540 Bohdalau„

338 1556 545 1594 Moram-ska,
575 1558 783 1592 Miroscbaw
813 1564 843 1592 et
874 1558 1002 1593 Cossan
1033 1560 1119 1593 dicte
1149 1560 1383 1594 Olomucensis
1413 1561 1569 1601 diocesis„
1600 1564 1722 1594 rectori
1753 1561 1897 1594 ecclesie
1935 1564 1967 1594 in
1996 1560 2135 1595 Krisans
2174 1567 2206 1595 et

338 1628 398 1663 per
427 1629 639 1663 consequens
669 1622 791 1652 rectori
822 1631 880 1653 seu
910 1620 1052 1665 plebano
1083 1620 1254 1666 hospitalis
1285 1624 1314 1654 in
1334 1622 1477 1666 Antiqua
1508 1621 1630 1661 Bruna,
1656 1625 1791 1655 noniine
1820 1626 1852 1655 et
1881 1624 1912 1655 in
1941 1633 2085 1667 persona
2115 1633 2204 1668 pau-

337 1689 452 1723 perum
484 1678 656 1724 hospitalis
694 1681 874 1725 supradicti
911 1692 949 1713 ac
989 1681 1028 1714 de
1062 1682 1180 1726 spolio.
1211 1694 1271 1727 per
1301 1685 1390 1728 ipsos
1428 1682 1637 1727 supradictos
1666 1693 1744 1715 reos
1775 1683 1815 1715 de
1844 1682 1932 1716 facto
1962 1685 2142 1717 commisso
2171 1685 2203 1717 in

337 1739 494 1784 predictis
524 1740 676 1773 ecclesiis
707 1744 736 1773 in
768 1740 906 1774 Krisans
937 1746 968 1774 et
998 1741 1150 1787 hospitali
1181 1754 1217 1776 se
1247 1743 1449 1776 extendente
1479 1743 1517 1776 ad
1541 1743 1597 1776 XL
1619 1754 1749 1775 marcas
1769 1754 1965 1787 grossorum
1988 1745 2201 1788 pragensium

338 1803 499 1833 moravici
529 1803 658 1833 numeri
689 1805 720 1834 et
748 1805 939 1846 pagamenti
969 1802 1105 1836 solvere
1136 1803 1216 1836 dare
1245 1804 1442 1837 satisfacere
1472 1809 1504 1837 et
1533 1815 1605 1837 cum
1637 1804 1755 1836 ellectu
1786 1804 1929 1837 reddere
1953 1804 2078 1837 debere
2098 1808 2204 1838 actori

336 1865 523 1905 prenotato.
555 1864 632 1907 ipsis
662 1862 861 1907 supradictis
891 1866 957 1896 reis
987 1868 1017 1896 et
1049 1866 1194 1909 ipsorum
1221 1865 1474 1898 suecessoribus
1504 1867 1670 1898 universis
1700 1864 1740 1897 de
1762 1868 1984 1910 percepcione
2005 1870 2038 1899 et
2058 1865 2202 1899 dominio

336 1922 496 1955 dictarum
528 1923 731 1956 decimarum
762 1928 958 1968 perpetuum
978 1924 1149 1958 silenciuni
1182 1926 1392 1970 presentibus
1423 1929 1643 1971 imponmites.
1673 1937 1712 1958 ac
1733 1928 1842 1959 omnia
1864 1930 1896 1959 et
1916 1926 2046 1970 singula
2067 1927 2203 1960 realiter

335 1989 365 2017 et
383 1994 456 2016 cuin
474 1984 592 2017 ell'ectu
610 1984 745 2017 solvere
763 1984 889 2017 debere
906 1990 1100 2030 prenotatos
1118 1997 1195 2019 reos
1212 1990 1403 2019 antenotate
1421 1989 1534 2019 actrici
1551 1989 1646 2031 parti*
1677 1991 1773 2032 prout
1794 1989 1823 2019 in
1846 1986 1955 2021 libello
1977 1998 2091 2021 coram
2106 1987 2202 2021 nobis

331 2044 534 2087 judicialiter
550 2047 580 2077 in
598 2044 747 2089 predicta
766 2056 865 2078 eausa
879 2044 990 2078 oblato
1007 2051 1038 2079 et
1054 2049 1155 2091 petito
1174 2046 1300 2091 plenius
1318 2050 1516 2082 continetur.
1530 2049 1657 2091 ipsique
1674 2050 1789 2080 actrici
1809 2050 1892 2092 parti
1914 2047 2054 2093 dampna
2071 2048 2200 2093 singula

335 2108 382 2137 rei
413 2105 556 2138 debeant
586 2105 733 2150 plenarie
764 2109 941 2139 restituere
971 2111 1003 2139 et
1032 2110 1140 2141 victos
1169 2110 1289 2141 victori
1320 2110 1349 2140 in
1372 2110 1530 2152 expensis
1559 2108 1715 2151 legitimis
1745 2108 1996 2153 condempnari.
2026 2108 2061 2142 In
2083 2107 2200 2153 quibus

335 2165 486 2198 ominbus
530 2170 561 2199 et
604 2166 743 2203 snm-ulis
782 2167 981 2211 supradietis
1020 2167 1168 2213 prefatos
1208 2179 1285 2201 reos
1333 2171 1446 2201 actrici
1485 2171 1567 2213 parti
1606 2171 1836 2213 prenominate
1874 2168 2123 2203 sentencialiter
2170 2174 2202 2203 et

334 2226 505 2259 dillinitive
544 2230 741 2260 auctoritate
780 2231 1035 2261 conservatoria
1075 2229 1369 2274 condempinimus.
1409 2240 1545 2273 quarum
1585 2231 1795 2261 taxacionem
1832 2228 1927 2263 nobis
1961 2232 1991 2262 in
2029 2233 2198 2275 posterum

334 2297 559 2320 reservamus.
591 2288 689 2320 Lecta
721 2288 783 2320 lata
813 2287 978 2333 publicata
1009 2294 1041 2322 et
1070 2292 1307 2334 pronuncciata
1340 2294 1389 2323 est
1419 2289 1481 2322 bec
1502 2292 1671 2322 sentencia
1703 2292 1732 2322 in
1754 2293 1957 2324 monasterio
1978 2290 2054 2324 dicti
2075 2290 2198 2324 domini

332 2346 474 2380 Jaroslai
506 2348 585 2381 liora
618 2360 838 2393 vesperorum
871 2349 923 2382 vel
954 2352 1058 2394 quasi.
1090 2361 1177 2383 anuo
1207 2350 1329 2383 domini
1362 2350 1535 2383 millesimo
1566 2353 1801 2383 trecentesimo
1830 2353 2051 2395 nonagesimo
2081 2353 2198 2393 tercio,

331 2408 517 2441 indiccione
548 2412 665 2454 prima*
696 2409 748 2442 die
781 2409 825 2442 Xl
855 2413 978 2443 mensis
1007 2410 1095 2447 Juliiq
1127 2410 1334 2455 pontificatus
1365 2415 1427 2443 etc.

489 2469 525 2502 lit
548 2482 612 2508 ego
633 2469 786 2503 tlacobus
808 2470 972 2514 quondam
994 2470 1157 2504 ‚lobannis
1178 2471 1218 2503 ‹le
1247 2470 1354 2504 Brona
1386 2471 1619 2504 (iloniucensis
1649 2472 1792 2505 diocesis
1823 2471 1972 2517 publicus
2001 2475 2198 2506 auctoritate

331 2529 491 2573 imperiali
522 2533 668 2563 notarius
698 2535 761 2563 etc.

644 2640 717 2669 (Ans
743 2645 804 2669 dein
831 2645 908 2675 <stig—⁷.
935 2645 961 2669 ἰιι
987 2645 1035 2669 (lei⁴
1060 2641 1253 2669 Boc-ok'sctwn
1280 2646 1337 2679 Slg,
1365 2655 1391 2674 ii,
1419 2646 1499 2670 5111st
1526 2646 1560 2670 im
1588 2646 1674 2672 infilir.
1702 2645 1980 2680 Laudes-Archive.)
