2313 3090
1130 225 1155 226 ἶ
1195 171 1268 226 326
1319 224 1334 225 ἶ

298 286 447 327 sumptus
478 286 507 314 et
538 291 706 325 expensas
736 290 796 325 pro
827 282 937 312 tenuta
968 280 1069 311 castri
1100 281 1131 310 et
1160 279 1410 311 sustentacione
1426 287 1497 319 sua,
1519 276 1677 310 videlicet
1697 275 1907 309 familiarium
1929 273 2166 308 holoinkonum

298 342 435 386 vigilum
466 341 715 387 portulanorum
748 344 778 373 et
808 339 948 372 aliorum
979 349 1040 384 pro
1070 341 1280 371 necessitatis
1311 337 1459 371 custodia
1490 337 1567 371 dicti
1596 340 1697 371 castri
1727 336 1908 370 secundum
1944 347 2036 370 suam
2067 335 2169 369 indu-

299 405 412 436 striam
453 405 588 447 recipiat
631 401 670 434 de
700 399 920 445 proventibus
951 398 1056 433 bladis
1085 403 1118 432 et
1147 398 1220 432 aliis
1250 398 1482 432 emolumentis
1511 401 1646 441 nostris‚
1675 397 1714 430 ad
1745 397 1832 430 ideni
1863 401 2008 431 castrum
2037 395 2169 430 Meilicz

299 462 537 509 spectantibus.
587 466 681 507 prout
731 463 916 493 necessitas
964 459 993 493 id
1033 462 1187 504 exegerit
1228 464 1257 493 et
1296 459 1357 493 sibi
1393 470 1526 492 necnon
1564 457 1782 492 familiaribus
1821 460 1921 491 castri
1959 461 1991 490 et
2029 457 2168 490 aliorum
2204 451 2209 453 ”

299 522 556 558 necessitatibus
594 525 665 555 eius
704 520 899 555 satisfaciat.
937 520 978 554 de
1016 521 1143 554 eisdem
1183 521 1336 554 similiter
1371 531 1474 566 penas
1513 523 1586 554 sive
1626 520 1765 553 mulctas
1804 522 1951 552 minores
1987 529 2061 551 cum
2098 517 2170 551 aliis

300 587 432 618 minutis
470 582 687 628 proventibus
723 584 876 627 recipiat,
921 580 1016 615 nobis
1055 586 1087 615 et
1124 584 1248 616 nostris
1286 586 1355 615 toto
1385 581 1449 615 alio
1478 581 1614 615 residuo
1643 584 1832 614 reservato.
1888 578 2058 613 Emendas
2087 589 2172 612 vero

299 656 402 691 penas
432 649 504 677 sive
535 644 673 676 mulctas
703 645 861 679 maiore&
892 654 931 676 ac
960 642 1202 676 devoluciones
1233 647 1265 676 et
1293 653 1426 685 census„
1456 653 1588 676 necnon
1618 646 1748 675 steuras
1764 640 1861 675 nobis
1878 640 1949 674 dari
1970 644 2002 673 et
2021 640 2170 685 persolvi

300 705 426 739 debitas
465 709 497 737 et
532 708 711 737 consuetas
748 708 864 737 nostro
901 706 1035 737 nomine
1064 703 1216 737 similiter
1246 706 1388 748 inquirat
1418 703 1509 737 levet
1536 705 1699 749 percipiat
1729 713 1768 735 ac
1798 701 1914 735 eadem
1945 712 2006 747 pro
2036 712 2171 735 camere

298 771 414 800 nostre
444 764 557 799 usibus
586 775 768 798 reservare
798 768 829 797 et
857 768 1057 810 presentare
1088 768 1219 798 tenetur
1249 768 1280 797 et
1310 763 1409 797 debet
1437 763 1492 797 vel
1521 774 1595 797 cum
1626 762 1746 796 talibus
1776 763 1969 808 disponere,
2013 765 2112 807 prout
2140 761 2170 794 id

300 839 316 860 a
356 826 450 860 nobis
489 825 641 859 habuerit
676 828 708 858 in
738 825 914 858 mandatis.
971 824 1013 858 Et
1042 825 1184 869 ideoque
1215 824 1255 858 de
1284 827 1453 859 universis
1483 829 1515 857 et
1543 824 1683 868 singulis
1713 825 1885 869 premissis
1914 827 1979 856 tam
2009 822 2169 856 silvarum

300 898 396 932 quam
435 887 575 920 aliarum
614 886 690 920 dicti
729 888 829 919 castri
868 888 973 919 nostri
1009 884 1140 919 Meilicz
1179 890 1211 919 et
1240 885 1407 919 districtus
1437 885 1584 919 eiusdem
1616 885 1656 918 de
1686 884 1920 918 emolumentis
1949 881 2169 929 proventibus

300 953 331 982 et
359 950 575 994 pertinenciis
604 946 701 980 nobis
731 951 762 980 et
792 947 938 981 ecclesie
967 950 1082 980 nostre
1111 947 1255 991 legalem
1285 946 1416 980 fidelem
1448 951 1480 980 et
1508 946 1761 982 racionabilem.
1791 955 1963 990 quousque
1984 945 2170 978 necessitas

300 1012 466 1054 exegerit.
511 1008 609 1042 debet
651 1012 680 1042 et
720 1007 886 1042 tenebitur
925 1008 1039 1041 facere
1077 1010 1260 1041 racionem.
1318 1006 1433 1041 Eciam
1467 1007 1572 1040 dictus
1610 1006 1784 1040 Johannes
1814 1005 1908 1039 miles
1938 1009 1970 1038 et
1998 1004 2169 1038 familiaris

299 1075 414 1103 noster
452 1069 591 1103 dilectus
630 1068 725 1103 nobis
762 1069 802 1102 de
840 1073 951 1102 castro
977 1067 1122 1109 Meilicz„
1162 1068 1248 1102 villis
1287 1067 1476 1101 hominibus
1514 1066 1734 1113 proventibus
1772 1068 1988 1112 pertinenciis
2027 1070 2058 1099 et
2098 1068 2169 1098 eius

300 1131 461 1166 districtu.
504 1133 587 1164 sicut
627 1132 839 1175 premittitur,
884 1129 1051 1163 tenebitur
1089 1134 1121 1163 et
1156 1128 1255 1163 debet
1284 1129 1559 1162 condescendere
1589 1128 1730 1161 fideliter
1759 1127 1863 1161 libere
1893 1131 1925 1160 et
1953 1126 1991 1160 ad
2022 1126 2169 1172 plenum,

300 1193 374 1225 dum
410 1196 442 1225 et
471 1202 569 1236 quum
600 1202 661 1236 per
690 1202 751 1224 nos
781 1191 927 1236 desuper
958 1190 1055 1223 fuerit
1085 1193 1276 1234 requisitus7
1320 1190 1592 1223 contradiccione
1623 1191 1850 1222 excusacione
1878 1189 2063 1221 renitencia
2093 1185 2169 1220 dolo

300 1258 331 1286 et
366 1253 484 1286 fraude
521 1251 720 1298 quibuslibet
760 1251 986 1297 proculniotis.
1044 1250 1211 1284 Premissa
1250 1254 1355 1284 eciam
1392 1253 1501 1284 omnia
1538 1254 1570 1283 et
1608 1249 1738 1294 singula
1775 1248 1891 1282 facere
1929 1253 1961 1282 et
1989 1247 2170 1294 adimplere

300 1313 395 1347 nobis
434 1312 498 1347 fide
528 1324 586 1347 sua
616 1312 703 1346 bona
733 1314 883 1358 promisi·
914 1323 975 1357 per
1004 1314 1086 1345 certi
1116 1314 1165 1345 sui
1196 1314 1321 1345 tenoris
1352 1311 1464 1345 literas
1494 1311 1668 1357 speciales.
1726 1309 1942 1344 Presentibus
1970 1307 2100 1343 Jodoco
2130 1307 2171 1342 de

299 1375 508 1419 Wolffsberg
551 1373 727 1407 marscallo
764 1378 892 1410 nostro„
936 1372 1066 1406 Kiliano
1103 1372 1205 1406 milite
1243 1373 1284 1406 de
1322 1372 1522 1417 HugowicZ,
1565 1371 1663 1406 Petro
1702 1370 1794 1414 Skal„
1837 1369 1978 1404 Nicolao
2016 1368 2170 1403 Broderii

300 1437 466 1470 advocato
502 1436 744 1477 Wissoviensi‚
788 1433 986 1469 Alexandro
1017 1437 1205 1467 camerario
1235 1438 1350 1468 nostro
1381 1438 1413 1467 et
1440 1433 1580 1467 Nicolao
1611 1433 1650 1466 de
1680 1431 1870 1466 Neundorff
1894 1435 2010 1465 nostro
2039 1432 2170 1464 notario

300 1497 451 1531 fidelibus
480 1499 602 1530 nostris
632 1496 770 1530 dilectis.
801 1495 837 1529 In
868 1506 1007 1540 quorum
1040 1499 1103 1528 etc.
1135 1494 1255 1528 Datum
1284 1494 1415 1528 Meilicz
1436 1495 1488 1527 die
1509 1495 1747 1539 concepcionis
1767 1497 1883 1526 sancte
1902 1491 2009 1526 Marie
2029 1493 2171 1536 virginis

301 1568 387 1591 anno
417 1562 480 1591 etc.
511 1559 733 1601 nonagesimo
763 1561 872 1590 sexto.

613 1670 763 1704 (Inseriert
785 1671 814 1696 in
838 1680 865 1695 n.
891 1669 976 1705 3515.)

1188 1816 1297 1851 357.

302 1897 440 1930 johann
470 1895 622 1941 Steppelf
651 1896 807 1939 belmunt,
839 1896 920 1929 (lass
950 1907 988 1928 er
1019 1906 1093 1929 roms
1125 1894 1301 1928 Olmmzer
1336 1893 1501 1938 Biscleofe
1537 1892 1707 1926 Nikolaus
1736 1903 1810 1925 zum
1839 1891 2084 1936 Hauplmamee
2113 1891 2175 1924 der

604 1957 701 2001 Bury
730 1957 861 1990 Meitz'tz-
891 1956 1026 1990 bes-tella
1056 1957 1182 1990 wurde.
1215 1955 1274 1989 Dt.
1306 1955 1437 1988 Mettica
1465 1953 1499 1988 8.
1531 1953 1724 1987 December
1761 1953 1871 1987 1396.

459 2034 554 2098 Ego
593 2053 765 2087 Johannes
802 2052 952 2099 Steppek
988 2053 1083 2087 miles
1120 2053 1326 2085 notumt'acio
1366 2055 1428 2084 etc.
1486 2050 1580 2091 Quod
1618 2052 1692 2095 quia
1731 2049 1941 2083 reverendus
1978 2051 2010 2082 in
2041 2047 2174 2082 Christo

302 2121 397 2162 pater
427 2119 459 2149 et
488 2116 640 2149 dominus
669 2114 828 2148 Nicolaus
858 2117 1036 2160 episcopus
1053 2113 1301 2155 Olonmeensis,
1332 2111 1485 2145 dominus
1516 2122 1609 2144 meus
1638 2121 1839 2155 generosusff
1859 2109 1899 2143 de
1920 2108 1984 2143 fide
2004 2108 2174 2154 legalitate

302 2177 520 2223 providencia
552 2181 584 2210 et
613 2179 932 2222 circumspeccionis
962 2175 1235 2208 industriavineis
1266 2175 1445 2207 summarie
1474 2183 1599 2217 gerens
1629 2171 1782 2205 fiduciam
1814 2182 1866 2204 me
1895 2181 1956 2204 suo
1977 2174 2009 2203 et
2029 2169 2174 2203 ecclesie

303 2249 362 2271 sue
401 2237 637 2271 Oloinucensis
676 2240 810 2270 nomine
849 2238 1018 2270 constituit
1055 2235 1223 2269 ordinavit
1258 2238 1291 2267 et
1330 2233 1405 2266 fecit
1445 2244 1538 2266 suum
1575 2236 1784 2278 capitaneum
1825 2235 1898 2266 sive
1929 2231 2172 2275 burggravium

304 2302 402 2331 castri
433 2301 481 2332 sui
512 2297 655 2339 Meilicz,
686 2298 862 2343 opidorum
879 2297 1032 2331 Wissaw
1062 2301 1093 2330 et
1122 2296 1290 2341 Pustmyr.
1314 2305 1442 2327 necnon
1466 2293 1616 2327 villarum
1640 2305 1678 2326 ac
1699 2295 1982 2338 pertinenciaruin
2005 2292 2174 2325 districtus

305 2360 452 2393 eiusdem
484 2363 580 2404 prout
610 2362 640 2392 in
671 2359 775 2392 litoris
805 2359 882 2392 dicti
912 2359 1035 2392 domini
1065 2361 1128 2391 inei
1159 2358 1306 2402 episcopi
1338 2359 1427 2400 patet
1455 2354 1640 2390 evidenter,
1681 2364 1818 2398 quarum
1850 2358 1947 2386 tenor
1975 2363 2034 2398 per
2063 2353 2174 2386 omnia

304 2423 453 2465 sequitur
483 2423 512 2453 in
543 2419 606 2452 hec
636 2419 764 2453 verba:
797 2419 978 2463 „Nicolaus
1009 2424 1071 2453 etc.
1102 2418 1222 2452 Datum
1252 2415 1383 2450 Meilicz
1413 2414 1465 2448 div
1495 2417 1732 2460 concepcionis
1762 2418 1876 2447 sancte
1905 2413 2012 2447 Marie
2033 2414 2175 2457 virginis

304 2493 391 2514 anno
422 2486 483 2514 etc.
516 2483 735 2524 nonagesimo
765 2481 899 2514 sexto.“
934 2480 1078 2525 (viden.
1100 2478 1204 2524 356.)
1234 2477 1364 2511 Idcirco
1395 2488 1459 2519 ego
1482 2475 1653 2508 Johannes
1684 2474 1833 2521 Steppek
1864 2474 1959 2508 miles
1988 2473 2173 2507 antedictus

304 2545 461 2588 promitto
503 2541 588 2575 bona
628 2546 659 2574 et
697 2544 828 2574 sincera
870 2553 941 2574 nica
973 2541 1036 2574 lide
1065 2543 1174 2574 onmia
1206 2543 1237 2573 et
1267 2537 1396 2581 singula
1427 2539 1603 2581 premissa„
1647 2540 1742 2581 prout
1774 2538 1805 2568 in
1835 2535 1930 2569 dictis
1959 2534 2065 2568 literis
2096 2533 2174 2567 dicti

306 2603 428 2635 domini
461 2605 522 2635 mei
555 2605 701 2647 episcopi
732 2605 954 2640 continenturq
992 2602 1105 2635 facere
1136 2606 1168 2635 et
1198 2599 1380 2644 adimplere
1410 2596 1550 2630 fideliter
1581 2608 1653 2630 cuin
1686 2596 1817 2639 ellectu,
1848 2599 1945 2642 prout
1974 2597 2005 2628 in
2035 2594 2175 2639 singulis

306 2666 373 2697 suis
403 2666 532 2708 punctis
568 2663 723 2696 clausulis
754 2668 786 2696 et
814 2664 961 2697 articulis
991 2665 1145 2708 superius
1175 2662 1366 2696 distinccius
1397 2661 1650 2703 expritssantur.
1682 2656 1722 2690 Et
1751 2655 1983 2690 nIcliiloniinus
2018 2657 2174 2701 promitto
