2313 3090
1018 173 1060 206 13

102 274 222 319 illaque
252 277 283 307 in
312 277 362 307 ius
392 278 423 307 et
452 278 690 320 proprietatem
722 276 809 310 beati
839 277 927 311 Petri
957 290 996 311 ac
1024 278 1113 311 sedis
1143 279 1327 323 apostolice
1360 290 1399 312 ac
1428 278 1488 312 sub
1510 290 1625 312 eorum
1652 284 1682 312 et
1705 283 1817 312 nostra
1840 279 1976 324 speciali

103 341 135 370 et
173 336 360 370 immediata
398 338 615 380 proteccione
654 341 863 384 presencium
905 343 1021 372 tenore
1057 341 1256 384 suscipimus
1301 340 1537 374 decernentes.
1583 339 1733 373 ordinem
1774 343 1976 373 monasteria

103 401 268 443 prioratus
300 399 416 432 domus
446 411 484 432 ac
515 400 586 433 loca
617 405 649 434 et
678 411 841 446 personas
872 399 1059 433 huiusmodi
1089 401 1150 434 soli
1181 406 1213 434 et.
1243 401 1433 434 immediate
1463 401 1533 434 sedi
1555 401 1704 446 predicte
1726 400 1799 434 fore
1827 400 1976 434 subiecta

103 464 134 494 et
172 459 259 505 quod
294 460 445 494 locorum
485 461 643 495 ordinarii
681 473 740 495 seu
777 462 946 496 diocesani
987 462 1041 494 vel
1076 461 1139 495 alia
1179 465 1297 506 quevis
1335 474 1479 508 persona
1516 466 1547 495 in
1584 474 1646 496 vos
1676 474 1733 495 seu
1775 464 1977 495 monasteria

103 524 269 566 prioratus
307 521 424 555 domos
454 527 508 555 aut
538 522 592 556 vel
622 534 784 568 personas
824 523 963 569 prel'ata.
995 527 1106 568 utpote
1146 534 1283 568 prorsus
1314 529 1482 569 exempta.
1515 535 1579 556 non
1617 526 1741 569 possint
1780 526 1977 556 auctoritate

103 581 270 615 ordinaria
300 586 666 617 excommunicacionis
687 587 916 629 suspensionis
947 589 1000 617 aut
1022 583 1196 616 inderdicti
1222 587 1412 617 sentencias
1435 584 1660 630 promulgare.
1693 585 1746 617 vel
1767 584 1848 617 alias
1871 587 1976 617 eciam

103 646 239 677 racione
269 643 378 677 delicti
409 644 462 677 vel
493 649 685 678 contractus
714 649 767 678 aut
799 648 857 678 rei.
889 646 929 679 de
959 656 1023 690 qua
1052 649 1183 689 agetur‚
1216 643 1413 689 ubicumque
1436 645 1660 678 committatur
1681 644 1834 677 delictum
1859 647 1978 677 iniatur

103 708 293 738 contractus
338 705 390 738 vel
434 716 487 738 res
533 708 600 750 ipsa
638 708 810 741 consistat,
855 706 1122 739 iurisdiecioneni
1168 705 1310 750 aliquam
1355 717 1531 739 exercere.
1578 706 1683 739 felicis
1727 705 1977 738 recordacionis

103 765 295 799 Innocencii
332 776 418 811 pape
456 766 528 800 IIII.
560 767 813 812 predecessoris
843 771 946 801 nostri
987 770 1074 800 circa
1107 771 1284 811 exemptos
1314 766 1414 800 edita.
1446 778 1508 811 que
1540 770 1670 812 incipit:
1705 766 1914 807 „Volentes“
1947 771 1975 799 et

103 827 174 860 aliis
203 827 500 861 constitucionilms
530 828 722 872 apostolicis
751 831 782 861 in
813 831 1016 862 contrarium
1048 827 1142 861 editis
1173 838 1238 860 non
1269 827 1475 861 obstantibus
1504 827 1766 872 quilmseumpie⁴
1799 826 1868 860 Nos
1890 829 1976 859 enim

103 898 219 922 omnes
248 891 640 922 excommunicacionmn
672 891 927 934 suspensionum
959 893 990 921 et
1011 888 1176 922 interdicti
1198 891 1387 922 sentencias
1419 894 1447 921 et
1494 916 1499 921 .
1558 916 1564 921 .
1623 915 1629 921 .
1689 916 1694 920 .
1755 888 1808 921 ,²5³1
1839 890 1976 932 quasvis

103 959 206 994 penas
236 953 268 982 et
297 952 486 983 sentencias
517 952 737 988 continentes„
769 961 850 994 quas
881 955 911 982 et
942 960 1024 995 quos
1053 950 1233 983 adversum
1273 961 1334 983 vos
1365 954 1395 983 et
1427 953 1627 983 msmastrwta
1659 952 1825 995 prioratus
1862 949 1978 983 dmnos

104 1011 160 1045 vel
195 1010 268 1044 loca
304 1014 359 1044 aut
395 1021 560 1056 personas
598 1009 785 1044 huiusmodi
825 1015 940 1044 contra
979 1015 1129 1044 tenorem
1171 1015 1201 1043 et
1232 1010 1373 1044 formam
1409 1013 1640 1056 exempcionis
1671 1010 1857 1043 huiusmodi
1889 1022 1978 1055 quo-

105 1071 283 1106 modolibet
326 1071 531 1118 promulgari
571 1076 602 1105 et
639 1071 754 1104 baberi
786 1075 975 1116 eontigerit²
1016 1074 1127 1104 irritos
1158 1071 1369 1105 decernimus
1406 1076 1434 1104 et
1467 1074 1583 1104 inanes
1613 1083 1651 1103 ac
1682 1071 1800 1104 nullius
1831 1073 1979 1103 existere

104 1131 277 1166 firmitatis.
334 1131 398 1166 Per
431 1135 687 1178 exempcionem
725 1137 835 1166 autem
875 1136 907 1165 et.
941 1132 1126 1166 libertatem
1167 1131 1354 1166 huiusmodi
1386 1137 1415 1165 et
1446 1132 1507 1165 alia
1548 1131 1738 1177 supradicta
1769 1129 1978 1164 libertatibus

103 1193 290 1239 privilegiis
321 1197 353 1227 et
382 1192 641 1227 immunitatibus
664 1193 717 1227 vel
748 1193 819 1227 aliis
850 1193 974 1227 iuribus
1006 1196 1128 1227 vestris
1150 1198 1182 1226 et
1203 1194 1342 1238 predicti
1363 1193 1488 1226 ordinis
1511 1193 1550 1226 de
1572 1195 1853 1226 monasteriorum
1878 1195 1978 1238 prio-

105 1259 234 1288 ratuum
264 1258 297 1288 et
317 1254 492 1288 domorum
517 1258 615 1300 atque
632 1254 782 1288 locorum
804 1255 1030 1300 predictorum
1048 1254 1170 1287 nullum
1190 1254 1388 1287 intendimus
1406 1253 1625 1300 preiudieium
1643 1257 1813 1298 generari.
1833 1256 1979 1298 quiinmo

105 1315 270 1357 volumus,
300 1315 387 1361 quod
416 1315 469 1349 illa
500 1318 530 1348 in
561 1326 619 1348 sna
649 1315 746 1361 plena
778 1319 973 1348 remaneant
1003 1314 1168 1348 firmitate.
1201 1314 1287 1349 Nulli
1319 1326 1402 1359 ergo
1425 1317 1560 1348 omnino
1581 1314 1751 1348 bominum
1774 1314 1869 1347 liceat
1893 1314 1979 1348 lianc

105 1379 259 1422 paginam
299 1381 414 1410 nostre
451 1379 682 1422 exempcionis
722 1376 934 1410 liberacionis
973 1379 1204 1421 suscepcionis
1234 1378 1487 1410 constitucionis
1520 1380 1551 1408 et
1581 1375 1761 1408 voluntatis
1792 1374 1978 1419 infringere

105 1437 160 1472 vel
187 1440 217 1471 ei
247 1449 329 1472 ausu
358 1441 541 1472 temerario
571 1441 751 1472 contraire.
810 1437 921 1483 Siquis
961 1442 1069 1471 autem
1101 1437 1164 1470 boc
1195 1441 1393 1483 attemptare
1423 1439 1676 1483 presumpserit.
1709 1436 1978 1480 indignacionem

105 1501 340 1545 omnipotentis
378 1498 430 1532 dei
460 1503 490 1532 et
520 1497 693 1532 beatorum
726 1498 812 1532 Petri
843 1503 872 1531 et
902 1498 993 1532 Pauli
1024 1499 1251 1544 apostolorum
1282 1501 1353 1531 eius
1383 1509 1419 1531 se
1440 1500 1573 1530 noverit
1604 1500 1826 1530 incursurum.
1858 1496 1977 1530 Datum

106 1559 213 1594 Rome
242 1560 327 1606 apud
357 1564 508 1593 sanctum
541 1558 671 1593 Petrum
703 1558 810 1593 XVII.
843 1558 993 1593 kalendis
1024 1559 1161 1605 Aprilis.
1193 1558 1403 1604 pontificatus
1434 1561 1537 1591 nostri
1568 1569 1654 1591 anno
1684 1558 1844 1591 seeundo.

418 1666 508 1699 [Orig.
529 1666 611 1700 Perge
630 1665 679 1690 mit
698 1665 764 1692 auh.
784 1665 889 1699 pa'bstt.
908 1665 1027 1699 Bleisig.
1043 1665 1078 1690 im
1098 1665 1186 1691 iniilir.
1203 1664 1453 1691 Laudes-Archiv.
1474 1664 1533 1690 Art.
1561 1655 1634 1690 Olor.
1653 1664 1753 1690 kartb.
1770 1664 1811 1691 lit.
1826 1663 1857 1690 C.
1873 1663 1922 1691 ΧΓ,
1938 1663 1979 1697 3,)

999 1838 1082 1873 20.

107 1917 275 1952 ΝίΙεοίααε
307 1916 456 1962 Bisclzof
480 1929 542 1950 rou
577 1917 709 1950 Olmutz.
736 1920 911 1960 qestattet,
943 1917 1024 1950 dass
1057 1916 1242 1949 Hersiliam!
1281 1928 1342 1949 rou
1374 1916 1605 1949 Seleollseleilz-
1648 1916 1711 1949 (las
1753 1914 1856 1948 balbe
1888 1914 1986 1958 Dorf

537 1977 767 2011 Selmllseln‘tz-
798 1977 974 2021 rerlmnfe.
1007 1977 1065 2010 ΠΙ.
1102 1977 1218 2010 lii-iiim
1249 1977 1282 2010 5,
1315 1977 1420 2021 April
1452 1976 1560 2011 1391.

261 2054 369 2109 ‘vvir
406 2074 519 2109 Niclas
557 2080 619 2109 etc.
662 2074 838 2108 bekennen
877 2079 940 2108 etc.
981 2074 1040 2108 das.
1080 2074 1131 2107 l'ur
1171 2085 1230 2106 uns
1270 2073 1391 2106 komen
1432 2077 1471 2107 ist
1500 2073 1560 2107 ,lan
1598 2078 1733 2107 etwenn
1765 2072 1978 2106 Bernliardes

107 2135 252 2170 eldester
279 2147 339 2170 sun
369 2147 436 2170 von
459 2136 654 2169 Selescliicz
681 2147 786 2177 unser
815 2135 920 2168 lieber
949 2139 1110 2179 getreuer
1141 2135 1202 2167 und
1235 2134 1291 2167 liat.
1321 2137 1375 2167 mit
1406 2133 1674 2167 wolbedacliteni
1707 2138 1794 2166 mute
1821 2137 1883 2166 etc.
1916 2132 1978 2166 und

107 2196 358 2242 unbetwungen
397 2200 426 2231 in
467 2197 584 2231 kaul'es
624 2200 730 2231 weise
769 2208 831 2230 vor
860 2195 930 2230 sicli
970 2199 1082 2229 seiner
1113 2195 1236 2229 bruder
1266 2195 1330 2228 und
1361 2199 1507 2229 swester
1537 2206 1660 2239 wegen
1691 2194 1749 2227 das
1780 2193 1876 2227 balbe
1907 2193 1984 2226 dorl'

107 2270 146 2292 zu
181 2257 374 2292 Seleschicz
413 2259 477 2292 und
516 2261 613 2292 einen
653 2258 713 2291 hof
739 2261 795 2291 mit
833 2257 979 2292 welden.
1020 2257 1168 2302 pusclien
1200 2261 1262 2289 etc.
1301 2256 1348 2289 als
1379 2256 1430 2289 die
1460 2259 1531 2289 sein
1563 2260 1659 2289 vater
1689 2259 1718 2288 in
1749 2254 1895 2299 gebabet
1926 2254 1979 2287 bat

107 2319 170 2353 und
208 2318 260 2353 die
298 2330 365 2353 von
405 2330 465 2353 uns
495 2319 558 2353 und
589 2330 722 2353 unserm
755 2318 917 2353 bisclitum
947 2330 987 2352 zu
1019 2319 1180 2352 Olonmcz
1209 2329 1248 2350 zu
1279 2316 1427 2350 rechten]
1461 2316 1660 2350 mannlehen
1693 2327 1804 2349 rui-en.
1834 2314 1979 2348 Jessken

107 2379 170 2413 und
203 2378 373 2425 Pliilippen
411 2379 602 2424 gebrudern
642 2391 709 2413 von
740 2380 938 2413 Swaianow
970 2390 1092 2412 unsern
1123 2378 1232 2411 lieben
1262 2382 1426 2416 een-ouen
1458 2377 1623 2410 ul‘reicliet
1657 2380 1686 2410 in
1720 2387 1840 2409 misere
1871 2375 1980 2408 liende

106 2441 154 2474 als
184 2439 402 2474 mannlehens
432 2440 526 2474 recht
555 2444 592 2474 ist
625 2441 688 2474 und
720 2440 773 2474 bat
804 2452 863 2474 uns
893 2440 952 2473 der
982 2444 1173 2483 egenannte
1201 2439 1277 2473 Jan.
1317 2438 1374 2471 das
1405 2441 1470 2472 wir
1508 2449 1546 2471 zu
1586 2438 1721 2470 sulcber
1759 2436 1980 2479 ut'1·eict1unge

106 2512 208 2535 unser
235 2505 334 2545 gunst
364 2501 427 2534 und
454 2501 566 2534 willen
595 2501 705 2546 geben
727 2501 790 2534 und
813 2501 967 2535 dasselbe
989 2500 1085 2534 balbe
1109 2500 1195 2534 dorl'.
1227 2500 1288 2533 bof
1305 2500 1368 2533 und
1391 2499 1656 2543 zugeboruwgcn
1679 2498 1741 2530 den
1765 2501 1978 2541 egenannten

105 2561 230 2596 Jesken
261 2562 323 2595 und
355 2560 524 2606 Pliilippen
554 2573 592 2595 zu
615 2561 763 2595 reclitem
787 2561 987 2595 mannleben
1016 2561 1203 2605 gerucbten
1234 2573 1272 2594 zu
1294 2560 1416 2594 leiben.
1449 2560 1515 2593 Des
1542 2559 1648 2592 baben
1672 2562 1734 2591 wir
1760 2563 1823 2591 cte.
1856 2569 1979 2590 anserii

315 2672 346 2709 ζ’)
373 2676 456 2701 Diem:
482 2676 568 2700 Stratie
593 2676 682 2700 ‹lureli
708 2676 762 2701 «1:⁴11
789 2675 881 2701 uiuet,
908 2678 957 2701 (les
984 2677 1185 2706 l’·⁴1·‹,:aineiites
1212 2675 1391 2702 untesertivti.
