2313 3090
1099 185 1172 219 349

197 287 349 333 predicte
378 290 410 320 in
440 290 504 321 mei
535 290 654 321 notarii
695 287 814 333 publici
854 289 1058 335 infrascripti
1098 295 1130 323 et
1172 293 1304 324 testium
1344 294 1519 336 presencia
1565 290 1830 336 subscriptorum
1875 294 2075 324 constitutus

197 348 420 394 personaliter
456 348 635 393 religiosus
676 352 727 381 vir
757 349 908 383 dominus
939 355 969 383 et
1001 350 1105 384 frater
1134 350 1293 385 Nicolaus
1323 351 1479 397 subprior
1508 352 1584 385 dicti
1616 354 1811 385 monasterii
1840 354 1873 384 in
1902 351 2015 397 Zdyar
2045 357 2074 384 et

197 409 324 443 ordinis
353 409 495 455 predicti
524 420 637 443 coram
669 409 803 443 domino
834 410 998 445 Damiano
1028 411 1173 458 plebano
1203 414 1276 446 sive
1306 417 1440 446 rectore
1471 413 1615 446 ecclesie
1647 415 1678 446 in
1707 412 1805 446 Nova
1837 411 1991 447 Civitate.
2022 412 2074 445 ubi

197 470 284 505 idem
309 469 462 503 [lominus
497 469 656 503 Nicolaus
694 471 849 517 subprior
887 484 959 507 suo.
991 472 1122 506 abbatis
1152 477 1183 506 et
1213 476 1318 506 tocius
1349 478 1536 507 conventus
1567 473 1644 507 dicti
1675 476 1870 507 monasterii
1900 476 1933 506 111
1962 473 2077 518 Zdyar

197 533 334 565 nomine
350 536 381 564 et
411 530 451 564 ad
482 531 694 576 infrascripta
725 543 838 566 coram
870 544 922 566 me
953 537 1084 567 notario
1114 533 1248 580 publico
1278 534 1493 579 infrascripto
1524 536 1735 569 constitutus„
1757 534 1879 567 dictum
1902 534 2072 567 dominnm

197 593 396 627 Damianum
434 594 609 637 requisivit
645 597 673 626 et
712 596 947 637 interrogavit„
984 606 1025 628 an
1062 595 1143 628 velit
1180 596 1310 640 aliquos
1339 595 1497 628 articulos
1528 595 1650 628 offerre
1680 600 1711 628 et
1744 600 1846 628 testes
1884 595 2073 640 producere

199 658 233 688 et
268 655 496 688 conmissione
533 656 576 686 uti
614 656 693 699 ipsis
733 654 879 699 partibus
918 656 957 689 ad
997 661 1110 701 partes
1149 656 1286 697 directa7
1324 660 1420 701 prout
1461 656 1542 689 alias
1581 659 1706 689 aseruit
1742 660 1774 689 et
1810 656 1891 689 dixit
1921 667 1957 689 se
1987 655 2075 689 velle

200 714 389 749 deliberare
425 725 526 760 super
564 718 748 759 premissis.
780 715 980 761 Quiquidem
1011 716 1162 750 dominus
1192 716 1376 750 Damianus
1406 716 1569 762 plebanus
1599 719 1672 750 sive
1702 721 1815 750 rector
1845 727 1924 750 mox
1953 715 2074 749 ibidem

199 778 261 822 ipsi
301 774 435 809 domino
472 774 614 809 Nicolao
652 775 818 821 subpriori
858 778 1029 823 respondit
1058 778 1184 815 11106115,
1215 789 1251 811 56
1282 789 1347 811 non
1378 777 1503 811 babere
1533 778 1663 822 aliquos
1693 777 1852 811 articulos
1882 788 1945 810 nec
1974 779 2074 814 seire,

199 847 302 882 super
318 847 382 881 quo
413 835 534 869 debeat
562 836 752 882 producere
784 842 885 871 testes
915 838 954 871 ad
984 849 1147 884 presensj„
1177 839 1235 873 sed
1266 841 1293 872 si
1322 850 1405 884 opus
1435 838 1545 873 fuerit.
1577 838 1651 871 loeo
1680 842 1712 871 et
1732 842 1883 883 tempore
1904 840 2076 883 oportunis

201 897 404 932 deliberatus
444 896 575 931 dicebat
614 910 650 931 56
689 899 777 932 velle
816 900 1004 944 producere
1043 904 1075 933 et
1112 899 1235 933 offerre
1274 900 1422 933 eosdem.
1463 899 1513 932 De
1543 898 1661 943 quibus
1692 898 1845 932 omnibus
1875 903 1905 931 et
1937 898 2076 942 singulis

199 961 436 1005 suprascriptis
472 962 724 1004 prenominatus
763 960 916 993 dominus
947 960 1105 994 Nieolaus
1139 960 1295 1006 subprior
1325 972 1388 1005 qno
1419 971 1518 1005 supra
1549 963 1684 993 nomine
1714 963 1811 1005 peciit
1843 959 1904 992 sibi
1934 970 1994 1004 per
2024 970 2075 991 me

199 1022 363 1054 notarium
401 1019 567 1065 publicum
606 1020 853 1067 infrascriptum
893 1021 962 1055 lieri
1000 1026 1032 1054 et
1070 1021 1190 1055 confici
1226 1032 1325 1054 unum
1357 1021 1410 1054 vel
1440 1021 1533 1066 plura
1564 1020 1694 1066 publica
1725 1023 1956 1054 instrumenta,
1988 1019 2074 1052 Aeta

200 1085 275 1116 sunt
313 1080 376 1115 hec
414 1081 626 1127 presentibus
663 1082 913 1116 honorabilibus
953 1088 982 1116 et
1023 1083 1175 1116 diseretis
1214 1085 1295 1116 viris
1334 1082 1476 1115 dominis
1515 1080 1625 1115 Adam
1665 1080 1807 1126 plebano
1837 1084 1910 1114 sive
1941 1085 2074 1114 rectore

201 1142 348 1176 ecclesie
376 1142 581 1188 parochialis
610 1146 642 1176 in
672 1146 836 1189 superiori
869 1143 1036 1177 Bobrovia
1068 1148 1100 1177 et
1128 1142 1283 1177 Johanne
1313 1143 1353 1175 de
1383 1142 1526 1176 Trebiez
1547 1141 1747 1188 presbitero,
1771 1152 1903 1175 necnon
1923 1141 2077 1175 ι1011110111λ

201 1206 383 1248 armigero,
415 1203 569 1237 familiari
600 1204 676 1237 dicti
707 1207 900 1238 monasterii
930 1204 1045 1250 Zdyar
1075 1204 1212 1238 testibus
1242 1204 1418 1249 fidedignis
1449 1208 1537 1237 circa
1570 1206 1744 1249 premissa.

359 1263 401 1297 Et
430 1274 495 1309 ego
525 1263 686 1298 Nicolans
716 1265 882 1310 qnondam
913 1265 1038 1299 Matbie
1068 1265 1109 1299 de
1138 1265 1274 1299 Brnnna
1305 1265 1539 1299 Olomucensis
1569 1264 1714 1298 diocesis
1743 1263 1891 1309 publicus
1913 1263 2076 1309 imperiali

202 1328 400 1359 auctoritate
429 1329 578 1359 notarius
610 1331 672 1359 ete.

516 1439 607 1474 (Orig,
634 1440 716 1474 Perg.
742 1440 778 1465 ini
804 1450 839 1467 111.
866 1441 1117 1470 Laudes-Archiv,
1143 1441 1204 1467 Art.
1231 1440 1302 1467 Sani·
1327 1441 1368 1467 lit.
1394 1441 1425 1465 Α.
1453 1450 1476 1465 ll.
1505 1441 1565 1473 75.)

1092 1587 1201 1623 384.

206 1665 284 1699 Das
322 1665 865 1711 Auyecsliner-Chorlzerrenstisl
902 1668 932 1699 iu
972 1666 1136 1699 dio-omer
1164 1666 1323 1699 selewliesst
1352 1667 1410 1698 mit
1439 1666 1501 1699 (len
1536 1666 1770 1709 Aet-qusle'nern
1803 1667 1832 1698 ἰη
1874 1664 2076 1698 λ(ι11(ΙκΛ·1ἰ1ιι

693 1728 748 1760 (lie
780 1728 1064 1771 Confi-aternils'd.
1098 1727 1155 1760 Dt.
1189 1727 1221 1760 1.
1254 1727 1358 1770 April
1389 1726 1486 1759 1397
1516 1740 1542 1760 s.
1575 1727 1594 1760 Ι.

362 1803 408 1857 ¹11
446 1826 581 1858 nomine
620 1825 743 1858 domini
782 1836 891 1858 amen.
930 1824 1011 1858 Cum
1043 1822 1225 1858 secundum
1257 1823 1444 1868 apostolum
1475 1834 1592 1856 omnes
1622 1833 1722 1856 unmn
1752 1833 1874 1868 corpus
1904 1834 2018 1855 sumus
2048 1825 2078 1855 in

206 1884 352 1929 Christo,
393 1885 554 1920 debemus
593 1889 741 1920 caritatis
778 1885 935 1931 operibns
972 1885 1147 1919 ferventer
1184 1884 1372 1918 intendere.
1412 1895 1452 1917 ne
1491 1884 1684 1917 scindamur
1720 1883 1760 1917 ab
1797 1883 1892 1917 huius
1928 1886 2079 1928 corporis

205 1949 342 1986 unitate„
379 1958 443 1992 que
481 1949 587 1980 eciam
624 1950 731 1992 mag-is
768 1958 826 1993 pro
863 1947 924 1980 illis
964 1946 1063 1980 suerit.
1100 1947 1307 1987 necessarisn
1347 1947 1400 1989 qui
1425 1946 1494 1989 jam
1526 1949 1621 1978 extra
1652 1949 1771 1978 statmn
1803 1944 1953 1977 merendi
1984 1946 2078 1989 positi

206 2010 456 2042 transeuncium
487 2019 647 2053 penarum
679 2008 864 2042 subduntur
885 2011 1000 2053 rigori.
1023 2006 1165 2040 Proinde
1187 2017 1270 2050 ergo
1293 2005 1388 2039 nobis
1408 2005 1536 2038 Jacobo
1559 2008 1729 2051 preposito
1752 2008 1877 2050 totique
1898 2007 2079 2038 conventui

206 2071 400 2103 monasterii
429 2073 544 2103 sancte
572 2068 679 2103 Mai-ie
709 2073 948 2103 canonicorum
976 2068 1179 2113 regularium
1202 2069 1233 2099 in
1254 2066 1389 2100 Jermir.
1411 2066 1536 2100 ordinis
1558 2069 1663 2099 sancti
1684 2067 1878 2110 Augustini„
1900 2065 2080 2110 Prae-ensis

207 2129 352 2165 diocesis
386 2130 464 2163 utile
500 2135 532 2163 et
561 2129 695 2164 salubre
732 2133 839 2164 visum
871 2130 942 2168 snit„
973 2129 1060 2175 qnod
1091 2140 1150 2174 pro
1180 2132 1285 2161 nostri
1316 2139 1447 2161 necnon
1478 2126 1770 2160 Lanezkronensis
1801 2129 2078 2160 monasteriorum

206 2193 456 2237 [116161110111111ᾖ
494 2193 708 2237 presencium
748 2196 779 2225 et
818 2191 1003 2225 futurorum
1043 2189 1201 2223 fratribus
1240 2189 1405 2222 defunctis
1444 2188 1600 2228 sutfragia
1643 2191 1673 2221 in
1713 2190 1835 2221 missis.
1875 2187 2009 2232 psalmis
2049 2191 2078 2219 et

207 2251 421 2286 oracionibus
459 2255 582 2286 sanctis
622 2251 751 2289 111-16111η
789 2258 953 2298 qnatenus
992 2243 1079 2298 idem
1118 2250 1239 2284 fratres
1274 2252 1389 2295 gracia
1430 2249 1481 2282 dei
1520 2248 1702 2293 opitulante
1741 2247 1780 2281 ad
1817 2251 1909 2281 curie
1947 2247 2081 2281 celestis

207 2312 329 2358 gaudia
368 2313 510 2346 celerius
539 2316 768 2358 pervenirent.
803 2313 851 2347 De
882 2313 1020 2346 fratrum
1050 2315 1160 2357 itaque
1190 2316 1380 2345 nostrorum
1413 2320 1543 2343 necnon
1575 2311 1735 2354 prepositi
1765 2310 1957 2341 monasterii
1997 2319 2081 2352 pre-

208 2376 370 2409 nominati
399 2378 431 2407 ct
459 2378 647 2407 conventus
677 2377 780 2419 ipsius
809 2377 1008 2408 eonivencia
1039 2378 1071 2406 et
1091 2383 1258 2406 consensu
1280 2374 1311 2404 in
1333 2371 1466 2404 domino
1490 2373 1574 2403 inter
1595 2381 1656 2402 nos
1677 2369 1886 2403 fraternitate
1907 2374 2080 2403 contracta

208 2435 434 2473 decrevimus„
471 2438 505 2467 ut
534 2433 654 2468 fratres
693 2435 836 2480 professi
876 2438 971 2469 unius
1008 2435 1063 2468 vel
1091 2434 1231 2479 plurium
1264 2435 1367 2466 nostri
1396 2435 1469 2466 sive
1499 2431 1639 2477 predicti
1670 2433 1862 2464 monasterii
1893 2431 1945 2464 die
1975 2430 2083 2464 obitus

209 2499 358 2530 intimato
398 2497 500 2540 ipsius
538 2499 570 2528 et
608 2497 753 2540 ipsorum
794 2499 824 2529 in
864 2496 1058 2530 calendario
1096 2494 1284 2528 nominibus
1324 2494 1420 2527 simul
1458 2496 1487 2525 in
1529 2503 1592 2525 uno
1630 2491 1704 2525 loco
1742 2491 1918 2536 descriptis
1949 2491 2083 2537 psalmis

209 2559 380 2591 consuens
417 2555 560 2589 scilicet:
602 2554 730 2598 „verba
762 2556 859 2589 1116114ί
891 2561 955 2590 etc.
988 2560 1019 2589 in
1050 2556 1192 2601 capitulo
1223 2560 1253 2589 et
1285 2555 1408 2599 vigiliis
1439 2553 1620 2587 maioribus
1650 2553 1744 2586 lectis
1776 2555 1805 2586 in
1836 2552 1952 2588 choro.
1985 2555 2082 2585 inissa

209 2616 443 2651 defunctorum
466 2620 716 2660 consequenter
736 2627 796 2661 pro
817 2620 921 2663 ipsius
944 2628 1003 2650 seu
1025 2620 1173 2662 ipsorum
1196 2616 1369 2649 animabus
1391 2619 1553 2648 eantetur.
1585 2616 1635 2646 cui
1666 2614 1705 2646 ad
1736 2613 2082 2648 eommemlacionem.

209 2689 274 2724 qne
310 2681 414 2723 ipsam
454 2682 625 2722 sequetur*
666 2677 787 2711 fratres
826 2670 990 2712 interesse
1030 2677 1151 2711 debent
1194 2676 1387 2710 racionabili
1432 2686 1532 2709 eausa
1575 2679 1743 2708 cessante.
1788 2673 1930 2715 Quilibet
1975 2677 2081 2707 eciam
