2313 3090
1050 305 1090 340 ni.

197 384 365 418 Niltolaus
399 384 548 429 Bis-cleos
572 396 636 417 1·οη-
669 384 802 417 Olmt‘llz-
832 384 957 429 lwfreil
987 385 1049 418 den
1081 383 1266 417 Stmltrafh
1300 396 1362 417 ron
1395 384 1518 417 Zmu'm
1550 395 1620 418 rom
1655 385 1936 418 Isis-ellenbamee.

747 445 806 478 Dt.
840 445 962 479 Znat'm
993 444 1049 478 15.
1083 444 1242 478 Felu'tmr
1277 444 1384 478 1391.

289 522 331 575 111
375 544 510 575 1101111110
553 542 676 576 (101111111
721 542 843 575 Amen.
890 541 1047 575 Nicolaus
1078 541 1130 574 dei
1160 545 1192 574 et
1221 542 1406 586 apostolice
1435 543 1524 576 sedis
1554 545 1668 580 <gracia
1709 546 1887 588 episcopus
1919 541 2007 575 Olo-

131 605 298 637 mucensis
336 607 453 637 tenore
492 605 704 649 presencium
744 605 1023 647 recognoscimus
1061 604 1241 635 universis.
1290 602 1418 636 Literas
1448 606 1649 637 sanctissimi
1680 606 1711 637 in
1742 602 1875 637 Christo
1906 606 2007 648 patris

132 675 171 698 ac
209 663 331 697 domini
361 667 465 697 nostri
495 663 660 697 Bonifacii
696 667 913 697 sacrosancte
952 662 1104 696 Romane
1143 662 1287 696 ecclesie
1318 667 1436 697 summi
1458 663 1622 709 pontificis
1653 675 1752 698 sanas
1783 669 1814 697 et
1844 667 2006 708 integras.

130 735 196 759 non
227 725 379 759 abolitas.
410 736 476 758 non
506 724 644 758 abrasas
674 735 736 758 nec
767 726 798 757 in
828 723 936 769 aliqua
966 726 1016 756 sui
1046 727 1139 768 parte
1169 728 1343 768 suspectas
1375 728 1501 758 tenoris
1523 729 1554 758 et
1584 727 1794 758 continencie
1816 727 2008 770 recepimus

131 785 383 832 subsequentis:
423 785 616 819 Bonifacius
642 789 704 819 etc.
745 785 865 818 Datum
897 784 1004 817 Rome
1034 784 1105 817 idus
1136 784 1262 829 Aprilis
1293 784 1501 830 pontificatus
1532 789 1634 819 nostri
1666 797 1752 819 anno
1784 788 1889 831 primo
1920 784 2008 830 [vid.

132 847 169 881 B.
200 847 258 882 XI.
289 858 321 881 n.
354 846 460 891 594).

287 907 366 942 Post
411 919 550 953 quarum
599 908 731 953 quidem
770 907 939 941 literarum
978 907 1236 953 apostolicarum
1282 910 1572 953 presentacionem
1621 920 1681 953 pro
1720 913 1813 953 parte
1860 911 2007 953 ipsorum

132 969 268 1003 Fridlini
304 967 393 1002 Pocb
420 968 555 1013 judicis.
594 967 724 1002 Nicolai
754 966 927 1002 Grenfinlz.
967 967 1164 1013 Engelberti
1198 966 1383 1002 Aurifabri.
1423 968 1639 1002 wenczestai
1671 968 1846 1002 Institoris.
1880 968 2010 1002 Nicolai

132 1030 318 1077 Jempnicz‚
338 1029 469 1064 Nicolai
490 1029 656 1073 Prowicz,
678 1029 810 1063 Martini
833 1029 994 1063 Sartoris.
1016 1028 1167 1062 Henslini
1187 1028 1295 1073 Nigri.
1314 1028 1530 1062 Wenczestat
1554 1028 1652 1064 Koss.
1675 1028 1804 1063 Tliome
1825 1029 2008 1075 Znoymer,

132 1091 287 1126 Jesconis
308 1090 428 1133 Hoffeb
448 1090 666 1124 Wenczestai
685 1089 837 1126 Stuhich.
858 1090 987 1124 Nicolai
1005 1089 1173 1126 Dernkas.
1191 1089 1327 1123 Henrici
1346 1089 1572 1124 Picaciatoris.
1595 1090 1723 1124 Nicolai
1742 1091 1782 1124 de
1800 1090 2009 1124 Hostradicz.

133 1152 273 1186 Andree
294 1151 438 1197 Crigler„
468 1151 618 1185 Henslini
639 1150 766 1185 Pokch.
787 1151 905 1185 Jacobi
927 1151 1121 1196 subjudicis7
1151 1150 1284 1185 Martini
1306 1150 1360 1184 filii
1381 1150 1489 1196 Nigri.
1515 1151 1666 1185 Henslini
1687 1151 1816 1185 Nicolai
1837 1154 2010 1197 scriptoris

128 1213 263 1258 judicis,
294 1212 500 1247 Franczonis
530 1211 707 1246 Pannificis
737 1224 775 1245 ac
806 1212 1005 1258 complicum
1036 1215 1182 1258 ipsorum
1214 1216 1246 1245 et
1275 1215 1329 1257 qui
1360 1215 1390 1246 in
1422 1212 1486 1246 boc
1516 1212 1699 1258 culpabiles
1729 1213 1874 1248 suerunt.
1916 1211 2010 1246 nobis

132 1273 192 1308 fuit
220 1274 389 1308 humiliter
417 1273 649 1320 supplicatum,
680 1278 713 1306 ut
743 1274 783 1307 ad
813 1276 1057 1307 execucionem
1079 1277 1226 1319 ipsarum
1256 1275 1426 1307 literarum
1449 1273 1637 1320 procedere
1659 1274 1887 1316 dignaremur.
1914 1275 2011 1317 juxta

133 1338 278 1382 ipsarum
317 1335 487 1368 literarum
527 1335 786 1381 apostolicarum
828 1338 1072 1369 continenciam
1108 1339 1140 1368 et
1170 1339 1321 1368 tenorem
1352 1346 1391 1368 ac
1421 1346 1481 1368 eos
1511 1333 1691 1368 absolvere
1721 1347 1739 1368 a
1769 1337 1950 1368 sentenciis
1981 1339 2010 1368 et

133 1399 240 1443 penis‚
278 1395 396 1442 quibus
434 1396 525 1441 ligati
565 1400 677 1429 essent
716 1399 896 1430 occasione
928 1398 1189 1442 premissorunn
1220 1407 1294 1429 nam
1326 1399 1386 1442 ipsi
1417 1399 1524 1442 parati
1554 1401 1667 1430 essent
1697 1407 1818 1442 parere
1849 1396 2012 1429 mandatis

134 1457 278 1491 ecclesie
308 1461 340 1491 et
368 1459 548 1502 preceptis.
579 1456 650 1490 Nos
680 1468 764 1490 vero
795 1460 993 1491 auctoritate
1023 1460 1264 1503 premissorum
1294 1460 1527 1502 inquisivimus
1566 1457 1745 1502 diligenter
1775 1462 1806 1490 et
1841 1459 1915 1502 quia
1956 1459 2011 1489 in-

133 1521 287 1552 venimus
317 1520 407 1564 ipsos
437 1517 559 1551 dictum
589 1518 693 1551 altare
723 1523 840 1552 sancto
872 1518 1010 1552 Andree
1040 1529 1204 1564 expresse
1235 1523 1267 1552 et
1287 1518 1493 1552 sufficienter
1514 1518 1648 1552 dotasse
1669 1529 1709 1552 ac
1729 1519 1883 1562 injuriam
1905 1520 2012 1564 passis

134 1579 352 1622 satisfecisse,
391 1579 432 1613 ab
462 1579 587 1613 eisdem
620 1582 808 1625 recepimus
834 1581 1061 1623 juramentum
1091 1579 1132 1613 de
1162 1580 1280 1614 stando
1310 1591 1411 1626 super
1441 1579 1630 1613 huiusmodi
1661 1578 1860 1613 excessibus
1890 1580 2013 1613 nostris

136 1645 167 1674 et
196 1639 340 1674 ecclesie
380 1641 553 1675 mandatis.
612 1640 653 1674 Et
688 1643 735 1674 sie
766 1643 845 1687 ipsis
876 1643 1079 1674 iniunximus
1117 1652 1177 1687 pro
1207 1643 1396 1686 penitencia
1427 1640 1575 1683 53131311,
1607 1644 1639 1673 111
1668 1651 1728 1686 per
1758 1651 1858 1674 unum
1891 1651 2011 1673 annum

135 1712 152 1734 3
182 1700 256 1734 (1313
287 1704 499 1747 presencium
524 1702 730 1746 jeiuniarent
760 1701 876 1736 feriam
908 1706 1038 1735 sextam
1069 1704 1100 1735 in
1131 1705 1209 1736 vino
1240 1706 1271 1735 et
1300 1713 1386 1748 pane
1417 1701 1471 1735 vel
1502 1704 1669 1735 cerevisia
1699 1705 1731 1734 et
1760 1701 1846 1747 quod
1868 1701 2013 1735 ecclesie

136 1764 241 1797 sancti
269 1761 411 1805 Nicolai‚
442 1765 536 1796 cuius
564 1763 652 1796 idem
683 1762 835 1797 (10111111115
866 1761 1035 1807 Georgius
1066 1762 1124 1796 luit
1154 1765 1303 1796 minister
1333 1767 1363 1796 et
1385 1766 1416 1796 in
1438 1774 1501 1808 qua
1523 1762 1644 1796 dictum
1667 1762 1771 1795 altare
1792 1766 1841 1796 est
1862 1766 2013 1795 erectum

135 1835 235 1858 unum
266 1822 405 1857 calicem
436 1823 476 1856 de
506 1823 610 1857 tribus
641 1827 762 1857 marcis
791 1835 989 1869 grossorum
1020 1828 1051 1856 et
1080 1823 1163 1858 duos
1192 1824 1319 1869 lapides
1354 1835 1433 1857 cere
1472 1823 1606 1856 indilate
1646 1823 1816 1856 traderent
1851 1827 1883 1856 et
1921 1824 2013 1856 assi-

136 1889 279 1930 gnarent
295 1889 328 1918 et
347 1884 550 1930 peramplius
566 1884 683 1918 similia
701 1896 767 1918 11011
788 1887 1046 1918 committerent.
1069 1884 1127 1918 sed
1158 1889 1300 1930 agerent
1329 1887 1552 1931 penitenciam
1583 1884 1623 1917 de
1652 1886 1801 1930 peccatis
1831 1886 1899 1917 suis
1922 1887 1950 1916 et
1973 1882 2013 1916 de

137 1949 185 1979 eis
214 1945 377 1989 dolerent,
408 1945 565 1990 quamdiu
595 1950 707 1980 essent
737 1949 767 1979 in
798 1949 946 1992 presenti
976 1948 1055 1980 vita.
1087 1957 1150 1991 que
1180 1948 1289 1979 omnia
1321 1950 1353 1979 et
1383 1945 1513 1990 singula
1544 1948 1655 1978 animo
1686 1944 1799 1978 libenti
1828 1944 2012 1978 subierunt.

137 2006 232 2041 Unde
268 2017 331 2040 nos
373 2009 571 2040 auctoritate
610 2007 662 2040 dei
701 2009 937 2052 omnipotentis
976 2006 1219 2052 beatorumque
1256 2006 1345 2041 Petri
1383 2011 1415 2040 et
1454 2006 1544 2040 Pauli
1582 2006 1811 2053 apostolorum
1850 2016 1888 2038 ae
1928 2005 2013 2039 dicte

138 2067 320 2114 apostolice
349 2067 438 2102 sedis
458 2067 554 2101 nobis
576 2068 767 2114 specialiter
788 2070 957 2102 commissi
980 2068 1117 2101 eosdem
1134 2068 1296 2112 judiceim
1327 2068 1496 2111 consules,
1517 2066 1686 2102 scabinos.
1714 2069 1856 2112 juratos,
1888 2065 2013 2100 incolas

139 2133 171 2162 et
199 2139 315 2162 eorum
345 2128 539 2174 complices,
569 2133 667 2175 prout
697 2131 850 2175 superius
880 2134 1135 2175 expressantur.
1166 2141 1183 2162 a
1214 2129 1308 2163 dictis
1330 2131 1723 2163 excommunicacionum
1764 2130 1944 2162 sentenciis
1983 2131 2013 2159 et

139 2192 246 2236 penis,
283 2201 364 2235 quas
401 2194 539 2236 propter
574 2192 736 2236 premissa
776 2193 1000 2228 111011110111111,
1043 2193 1073 2224 111
1104 2190 1211 2224 fornia
1237 2190 1382 2224 ecclesie
1411 2190 1617 2224 absolvimus
1647 2202 1685 2223 ac
1717 2190 1924 2223 interdictum
1955 2200 2013 2233 pro

140 2262 180 2284 eo
209 2253 350 2296 positum
381 2250 572 2284 relaxamus
594 2253 751 2296 ipsosque
772 2254 976 2285 restituimus
998 2254 1218 2285 sacramentis
1239 2251 1384 2285 ecclesie
1405 2256 1436 2285 et
1458 2250 1580 2285 Cbristi
1603 2250 1745 2284 lidelium
1768 2252 2013 2291 eomuumioni3

140 2314 244 2345 eciam
285 2311 421 2345 eosdem
458 2315 489 2344 et
526 2311 638 2357 proles
668 2311 708 2345 ab
739 2314 787 2345 eis
817 2318 990 2359 susceptas
1020 2315 1219 2346 auctoritate
1249 2312 1398 2346 eiusdem
1428 2312 1517 2346 sedis
1547 2312 1731 2358 apostolice
1761 2311 1800 2344 ad
1831 2310 1953 2344 samam
1983 2314 2015 2343 et

140 2376 273 2414 statum,
299 2374 330 2404 in
356 2371 473 2416 quibus
499 2372 628 2406 fuerant
647 2377 724 2406 ante
745 2376 1036 2420 perpeti-acionem
1059 2376 1312 2419 prmuissorum,
1335 2372 1548 2419 presentibus
1571 2375 1785 2406 restituimus.
1813 2382 2014 2416 omnemque

140 2432 353 2466 inhabilitatis
391 2437 423 2466 et
461 2432 595 2467 infamie
632 2434 794 2467 maculam
835 2437 908 2468 sive
947 2439 1057 2468 notam
1097 2437 1278 2468 occasione
1318 2437 1557 2480 premissorum
1598 2437 1804 2466 contractam
1834 2431 2011 2466 abolendo.

139 2493 260 2527 Datum
291 2492 442 2539 Snoyrne
473 2504 559 2528 anno
589 2494 712 2528 domini
743 2495 918 2529 millesimo
948 2498 1186 2529 trecentesimo
1216 2498 1438 2540 nonagesimo
1469 2497 1587 2540 primo.
1621 2493 1701 2526 10113
1724 2497 1839 2538 quarta
1862 2495 2013 2538 proxima

141 2558 215 2600 post
243 2553 441 2588 dominicam
472 2553 659 2593 Invocavit,
692 2560 806 2589 nostro
836 2555 896 2589 sub
927 2567 1074 2602 appenso
1104 2556 1213 2601 sigillo
1244 2557 1434 2589 testimonio
1465 2555 1646 2587 literarum.

455 2668 550 2701 (orig.
579 2669 661 2702 Perg.
687 2669 712 2696 h.
738 2669 795 2700 sig.
823 2669 858 2694 im
885 2670 1017 2694 Znaiincr
1042 2670 1268 2695 Statim-archiva!
