2313 3090
974 209 1072 263 Π313

977 374 1086 410 340.

103 462 295 506 Markyraf
314 461 437 495 Jodolf.
470 473 519 494 um
547 461 610 494 das
643 461 815 494 Olmiilz-er
839 461 976 506 Capite!
1001 463 1060 506 fiir
1080 462 1134 494 die
1155 463 1186 494 ῖη
1209 461 1280 494 dem
1303 460 1425 494 lelz-ten
1449 460 1578 503 Krieye
1608 458 1785 491 erle'tlcm'n
1818 457 1967 502 Draugs-

101 524 176 558 sale
216 535 256 556 Ζ-ιι
294 522 551 565 entselmdigyeu.
590 521 753 565 bestatiqc
790 522 979 556 demselbeu
1019 522 1088 555 alle
1123 521 1289 566 frz'ilwren
1321 520 1528 565 Prii-Meysen
1567 520 1634 553 med
1662 520 1857 554 res-omlnes.
1888 520 1969 552 dass

101 584 293 629 kunstiqlzin
311 583 412 617 lfffl'ne
430 583 677 625 lsriessscollier
703 585 733 616 in
756 583 811 615 (lie
833 583 973 616 Ham-er
1002 584 1062 616 der
1095 582 1269 615 Olme‘ltzcr
1300 580 1497 614 (Yiuom'lser
1523 580 1637 624 yeleqt
1667 582 1801 613 werden
1832 580 1964 624 de'lrfen.

741 643 797 676 Dl.
831 643 947 677 Brilmt
977 643 1036 676 26.
1068 643 1203 687 Auqust
1235 641 1344 676 1396.

259 720 429 774 Jodocus
463 740 515 773 dei
544 743 659 783 gracia
691 740 839 773 marchio
869 744 898 772 ct
931 739 1083 773 dominus
1112 738 1266 772 Morarie
1296 743 1408 771 notum
1440 738 1579 771 sacimas
1609 742 1725 771 tenore
1755 740 1966 782 presencium

104 804 284 836 universis.
343 800 437 842 Quod
478 812 522 835 ex
560 801 708 834 veridica
739 801 909 834 relacione
939 800 1050 833 audito
1080 803 1178 833 innuo
1209 798 1412 845 probacione
1443 803 1474 831 et
1503 799 1590 832 facto
1621 798 1758 831 realiter
1787 797 1967 833 intellecto.

104 863 247 908 qualiter
275 860 481 896 venerahilis
512 861 748 895 Olonmcensis
778 861 920 894 ccclesia
952 866 1058 894 mater
1086 865 1198 894 nostra
1230 860 1344 893 harum
1377 864 1574 905 tempestate
1603 870 1812 904 querrarum.
1851 858 1968 904 quibus

105 934 147 957 ex
177 923 381 968 frequencia
404 921 647 956 discordiarum
679 927 708 955 et
740 922 848 955 licium
879 933 938 967 per
968 924 1119 955 inimicos
1150 926 1282 955 nostros
1313 926 1344 954 et
1374 921 1487 955 hostes
1517 919 1603 953 bona
1634 922 1837 965 principatus
1863 922 1966 953 nostri

101 983 256 1018 Moravie
294 988 325 1017 et
364 985 524 1029 precipue
562 985 841 1016 monasteriorum
881 987 910 1015 et
950 992 1167 1027 personarum
1205 982 1424 1027 spiritualium
1464 981 1687 1014 inhumaniter
1725 983 1788 1014 sint
1827 981 1967 1014 oll'eusa.

101 1047 219 1078 invasa
249 1044 360 1087 fuerit,
390 1043 512 1077 violata
543 1046 695 1088 graviter
724 1048 754 1076 et
786 1043 910 1076 offensa
942 1046 1046 1076 eciam
1077 1054 1136 1088 per
1164 1047 1284 1087 gentes
1301 1045 1403 1088 partis
1429 1046 1555 1085 nostre,
1577 1053 1640 1086 que
1662 1046 1770 1074 tamen
1792 1041 1832 1073 dc
1853 1045 1968 1074 nostro

102 1105 257 1139 mandato
286 1109 341 1138 aut
370 1107 453 1139 scitu
483 1107 618 1138 minime
647 1109 895 1149 processerunt.
927 1104 965 1137 Et
997 1105 1037 1137 de
1067 1104 1177 1137 multis
1206 1107 1253 1137 sic
1274 1107 1456 1137 enormiter
1475 1107 1505 1136 et
1527 1102 1678 1148 improbe
1698 1102 1794 1135 factis
1815 1102 1967 1135 dolemus

103 1176 146 1199 ex
176 1168 286 1199 animo
317 1169 348 1198 et
378 1168 535 1208 maxime,
565 1165 650 1210 quod
682 1165 811 1210 quidam
844 1176 886 1198 ex
916 1168 1036 1199 uostris
1067 1167 1253 1198 temeritate
1269 1167 1402 1209 propria
1425 1168 1455 1197 et
1476 1174 1557 1197 ausu
1579 1163 1722 1196 stulticie
1743 1162 1967 1195 reverendum

102 1229 135 1260 in
170 1226 304 1260 Christo
342 1230 470 1271 patrem
509 1226 677 1259 domiuum
714 1225 888 1259 Nicolaum
929 1228 1120 1271 episcopum
1151 1224 1416 1268 Abelonensem,
1447 1224 1694 1268 suffraganeum
1726 1223 1906 1257 reverendi
1937 1226 1967 1256 in

101 1286 235 1321 Christo
265 1289 370 1333 patris
399 1287 522 1320 domini
551 1286 682 1320 Nicolai
712 1290 861 1332 episcopi
891 1286 1137 1328 (itonam—usis,
1181 1285 1344 1318 decanum
1376 1314 1380 1318 .
1415 1312 1421 1319 .
1453 1286 1601 1330 prelatos
1633 1313 1639 1318 .
1672 1312 1678 1318 .
1709 1287 1890 1318 canonicos
1921 1311 1927 1317 .
1961 1311 1967 1316 .

97 1351 245 1382 vicarios
274 1375 281 1381 .
314 1374 320 1380 .
363 1347 530 1381 altaristas
562 1375 568 1381 .
600 1375 606 1381 .
638 1347 861 1393 prebendatos
892 1376 898 1381 .
930 1376 936 1382 .
971 1350 1138 1381 ministros
1176 1352 1218 1380 et.
1259 1351 1291 1379 ut
1329 1349 1371 1379 ita
1408 1346 1567 1383 dicamus*
1607 1348 1802 1379 uuiversum
1833 1345 1959 1378 clerum

101 1409 188 1442 dicte
226 1408 372 1443 ecclesie
411 1407 645 1442 Olonmcensis
685 1413 760 1442 tunc
791 1414 980 1454 presentem
1012 1409 1218 1442 incluserunt
1248 1409 1456 1442 detinuerunt
1489 1412 1519 1440 et
1550 1418 1609 1452 per
1638 1407 1749 1452 plures
1780 1406 1850 1439 dies
1881 1405 1967 1438 same

94 1472 153 1504 'siti
188 1472 390 1512 immaniter,
434 1474 467 1502 ut
504 1470 704 1512 audivimus,
748 1470 958 1504 all'lixcrunt:
1003 1474 1107 1504 eciam
1147 1470 1232 1515 quod
1264 1473 1383 1514 gentes
1413 1479 1580 1501 armornm
1612 1479 1671 1501 seu
1701 1467 1905 1512 stipendiarii
1935 1469 1968 1500 in

101 1535 218 1565 nostro
253 1530 418 1576 stipendio
452 1529 572 1564 ibidem
604 1541 644 1564 eo
674 1534 826 1576 tempore
857 1534 1041 1564 existentes
1072 1532 1203 1564 l'uerunt
1233 1542 1293 1575 per
1321 1532 1530 1575 capitaneum
1562 1533 1711 1562 nostrum
1742 1531 1774 1562 in
1805 1528 1969 1561 Olomucz

101 1592 141 1626 ad
171 1592 289 1626 domos
319 1619 324 1625 .
357 1618 364 1625 .
408 1591 613 1637 prelatorum
644 1596 674 1625 et
708 1619 714 1625 .
747 1618 753 1624 .
797 1595 1034 1625 canonicorum
1065 1596 1180 1625 contra
1211 1594 1356 1636 ipsorum
1388 1590 1594 1623 voluntatem
1625 1601 1689 1623 non
1721 1592 1792 1623 sine
1823 1592 1966 1634 ipsarum

102 1653 277 1688 domorum
316 1653 517 1686 detrimento
556 1656 586 1685 et
626 1655 720 1686 ruina
760 1652 880 1686 locate.
938 1652 1150 1698 Quapropter
1188 1663 1229 1685 nc
1261 1652 1336 1684 talia
1367 1651 1523 1685 scandala
1554 1653 1736 1696 preterisse
1766 1661 1825 1695 per
1855 1649 1969 1693 negli—

101 1717 255 1759 genciam
286 1718 341 1747 aut
362 1713 667 1747 dissimulacionem
689 1713 876 1755 videamur,
898 1718 1034 1759 propter
1055 1713 1167 1746 divine
1188 1712 1422 1747 retribucionis
1445 1715 1595 1745 meritum
1618 1716 1647 1744 et
1671 1710 1712 1745 ob
1733 1712 1968 1744 reverenciam

101 1774 345 1809 venerabilium
378 1774 527 1808 eiusdem
568 1775 712 1808 ecclesie
752 1779 781 1808 et
822 1779 1011 1808 nostrorum
1051 1777 1175 1819 pariter
1213 1779 1429 1819 patronorum
1469 1772 1741 1807 deliberavimus.
1781 1771 1968 1805 huiusmodi

70 1833 77 1841 “
103 1835 220 1870 morbo
259 1835 436 1869 salubriter
475 1835 625 1869 obviare.
683 1835 763 1870 Ideo
803 1847 918 1869 onmes
957 1840 986 1868 ct
1025 1835 1175 1879 singulas
1212 1834 1382 1868 libertates
1420 1837 1644 1867 immunitates
1678 1834 1754 1877 jura
1788 1832 1967 1878 privilegia

102 1896 217 1930 literas
268 1899 402 1941 gracias
446 1896 569 1930 indulta
614 1897 875 1930 cmisuctmlines
919 1901 947 1929 ct
992 1896 1232 1929 observancias
1277 1894 1519 1929 venerabilium
1565 1897 1713 1928 virorum
1759 1894 1966 1927 dominorum

102 1957 219 1991 decani
253 1985 260 1991 .
292 1984 298 1991 .
330 1959 489 2003 prepositi
520 1984 527 1990 .
561 1985 565 1990 .
598 1957 824 1991 archidiaconi
858 1985 863 1990 .
898 1985 903 1990 .
934 1958 1100 1991 scolastici
1134 1985 1139 1990 .
1172 1986 1177 1990 .
1209 1957 1355 1990 custodis
1387 1984 1392 1989 .
1426 1983 1431 1988 .
1463 1958 1701 1989 canonicorum
1723 1959 1751 1987 ct
1775 1954 1906 2000 capituli
1930 1981 1935 1987 .
1961 1980 1967 1986 .

101 2021 245 2052 rectoris
287 2018 454 2052 scolarum
488 2046 494 2052 .
528 2045 533 2051 .
579 2021 781 2052 vicariorum
815 2046 821 2051 .
855 2046 860 2051 .
905 2021 1127 2051 ministrorum
1159 2022 1189 2050 et
1221 2044 1226 2050 .
1260 2045 1265 2050 .
1310 2028 1528 2062 personarum
1560 2016 1704 2048 ecclesie
1735 2015 1967 2047 (llomuccnsis

101 2078 292 2124 supradicte
333 2083 365 2112 et
404 2081 506 2125 ipsius
545 2079 688 2113 ecclesie
728 2082 776 2112 cis
814 2078 853 2111 ab
892 2078 1075 2112 illustribus
1115 2106 1121 2111 .
1154 2106 1160 2111 .
1205 2077 1340 2119 rei-ribus
1372 2077 1507 2110 Bocniie
1539 2104 1544 2110 .
1578 2103 1584 2109 .
1629 2075 1831 2122 principibus
1861 2080 1890 2108 et
1924 2103 1929 2108 .
1961 2102 1967 2108 .

101 2138 351 2173 marchionibus
380 2138 534 2173 Moravie
565 2140 685 2173 donata
716 2151 774 2173 seu
806 2141 954 2173 donatas.
1000 2139 1072 2172 dala
1103 2151 1160 2172 scu
1193 2139 1299 2173 datas.
1339 2150 1500 2171 concessa
1531 2148 1589 2170 seu
1620 2148 1812 2170 concessas.
1846 2136 1967 2168 indulta

100 2210 161 2233 seu
197 2199 353 2243 indultas,
401 2203 563 2246 permissa
601 2212 658 2234 seu
698 2203 892 2246 permissas,
941 2212 1004 2245 quc
1043 2200 1095 2233 vel
1135 2211 1215 2245 quas
1252 2202 1278 2232 si
1317 2202 1345 2232 in
1384 2203 1451 2231 toto
1492 2198 1542 2231 vcl
1579 2201 1608 2230 in
1640 2202 1732 2243 parte
1763 2200 1877 2230 invasa
1909 2207 1967 2230 seu

101 2263 232 2304 invase,
264 2260 389 2294 oll'ensa
420 2273 478 2295 seu
509 2261 647 2296 oll'cnse.
678 2262 800 2295 violata
831 2273 890 2295 seu
921 2261 1044 2294 xiolatc
1074 2260 1216 2294 sortasse
1246 2271 1305 2305 pcr
1335 2264 1468 2292 nostros
1490 2258 1617 2291 l'ucrint.
1644 2261 1800 2302 quantuni
1824 2260 1853 2290 in
1875 2256 1969 2290 nobis

102 2325 153 2354 est
181 2326 211 2355 et
243 2321 306 2355 hoc
336 2321 450 2355 facere
480 2333 667 2368 possunms,
699 2327 926 2356 restauramus
949 2325 1194 2365 reintegramus
1216 2320 1406 2353 reducimus
1428 2323 1459 2352 et
1481 2322 1679 2352 innovamus
1700 2329 1760 2363 per
1780 2322 1966 2363 presentes

101 2382 256 2416 volentes
293 2382 429 2415 eosdem
470 2387 502 2416 et
539 2394 757 2417 successores
797 2394 911 2416 eorum
952 2394 989 2415 ac
1029 2382 1204 2415 ecclesiam
1244 2379 1396 2413 omnihus
1436 2382 1630 2425 prescriptis
1669 2381 1712 2411 uti
1752 2382 1783 2411 ct
1820 2377 1970 2421 gaudere

100 2442 309 2488 temporibus
347 2443 496 2477 all'uturis
533 2448 561 2477 et
599 2447 628 2477 in
668 2449 697 2477 et
738 2447 826 2477 circa
867 2443 1053 2477 huiusmodi
1093 2441 1328 2476 inxiolahilitcr
1366 2451 1574 2473 consciw‘arc
1610 2444 1642 2472 et
1672 2438 1854 2472 desenderc
1885 2438 1969 2471 bona

102 2502 178 2538 fide.
209 2503 349 2549 Insuper
379 2503 473 2537 dictis
503 2504 644 2537 dominis
677 2532 682 2537 .
715 2531 720 2537 .
753 2505 889 2549 prelatis
919 2532 925 2538 .
959 2531 966 2537 .
997 2507 1168 2537 canonicis
1200 2531 1205 2536 .
1239 2530 1244 2535 .
1276 2507 1304 2534 ct
1337 2501 1478 2546 capitulo
1509 2511 1637 2533 necnon
1660 2500 1803 2533 ecclesie
1825 2499 1971 2532 olomu-

102 2566 194 2598 censi
231 2564 422 2609 supradicte
461 2564 672 2609 presentibus
711 2565 814 2598 libera
854 2570 884 2597 ct
922 2570 1105 2610 spontanea
1138 2565 1306 2597 voluntat<¹
1336 2575 1374 2595 ac
1405 2562 1489 2595 bona
1521 2562 1583 2594 lide
1614 2564 1846 2606 promittimus
1891 2563 1969 2606 ipsis

102 2629 134 2658 et
172 2625 317 2658 ecclesie
356 2628 464 2658 onmia
508 2624 649 2670 dampna
689 2637 748 2671 per
782 2631 915 2659 nostros
947 2626 1044 2659 illata.
1086 2630 1256 2670 postquam
1289 2623 1471 2656 secundum
1501 2633 1684 2665 congruam
1716 2623 1965 2655 estimacioncm

102 2689 214 2719 taxata
244 2684 379 2728 fuerint,
418 2688 585 2718 resarcire
615 2689 646 2718 et
675 2686 855 2719 refundere
885 2698 957 2719 cum
990 2686 1120 2719 ellectu.
1176 2684 1372 2718 >laudamus
1402 2685 1502 2727 igitur
1531 2686 1561 2715 cl
1591 2684 1792 2728 precipimus
1822 2692 1968 2726 presen-

1803 2741 1843 2770 41¹
