2313 3090
1008 216 1074 250 151

111 321 240 368 publice
276 325 306 354 in
343 321 441 354 domo
479 320 698 354 habitacionis
728 326 757 355 et
789 322 941 355 ecclesiis
972 325 1039 355 suis
1069 327 1121 355 aut
1153 332 1265 355 corani
1296 321 1418 354 familia
1448 323 1595 366 ipsorum
1629 324 1718 366 ipsos
1748 322 1865 353 citetis.
1897 330 1980 364 quos

111 387 143 416 et
170 393 231 415 nos
259 381 470 427 presentibus
500 384 639 414 citamus
669 385 867 415 auctoritate
897 387 1009 416 nostra
1039 386 1105 415 imo
1135 385 1250 415 verius
1280 382 1475 427 apostolica.
1507 387 1540 415 ut
1569 393 1684 416 coram
1715 381 1810 415 nobis
1832 381 1980 425 legitime

111 447 141 476 et
161 444 386 488 peremptorie
407 447 620 487 compareant
644 445 674 474 111
697 442 784 475 (111-10
800 448 915 476 nostro
938 446 1141 477 monasterio
1171 447 1323 488 proxima
1356 444 1408 477 die
1433 443 1578 486 juridica
1608 443 1798 476 immediate
1819 445 1980 486 sequente

111 508 183 550 post
208 503 379 537 beatorum
414 502 502 536 Petri
531 506 562 536 et
594 502 682 536 Pauli
714 504 939 548 apostolorum
971 504 1090 537 festum
1121 515 1209 537 nunc
1238 504 1412 536 all'uturum
1444 506 1609 549 proxime7
1643 502 1724 536 hora
1755 511 1977 546 vesperorum

110 564 148 598 ad
179 563 377 597 audiendum
417 568 447 597 et
478 563 657 596 videndum
689 564 842 597 concludi
874 567 903 597 in
936 569 1000 597 tota
1031 575 1131 597 causa
1162 575 1262 609 super
1291 563 1444 597 omnibus
1474 569 1505 597 et
1536 563 1676 607 singulis
1706 561 1980 596 attestacionibus

109 627 321 659 munimentis
359 635 398 658 ac
436 624 538 657 literis
576 624 746 669 productis
772 625 974 667 judicialiter
1004 635 1116 658 coram
1147 624 1243 657 nobis
1272 625 1326 657 vel
1358 627 1387 658 in
1418 624 1548 670 prefixo
1578 623 1767 657 huiusmodi
1796 625 1875 668 ipsis
1905 626 1980 655 ter-

111 688 198 719 mino
236 685 343 719 verbo
381 686 436 719 vel
466 688 496 718 in
526 688 658 730 scriptis
687 696 800 718 coi-mn
832 685 926 718 nobis
964 686 1112 729 alleg-are
1142 689 1252 718 certas
1282 696 1401 719 causas
1431 690 1463 718 ct
1492 688 1658 718 raciones,
1689 687 1716 717 si
1746 694 1828 728 quas
1858 682 1981 716 habent

109 746 165 780 vel
202 746 390 792 producere
427 746 595 779 voluerint
635 746 794 782 leuitinie.
834 757 893 778 cur
931 751 960 778 et
1001 757 1104 790 quare.
1142 748 1173 779 111
1214 746 1360 791 predicta
1391 757 1491 779 cansa
1529 746 1648 778 dudum
1679 748 1834 778 vertente
1864 753 1978 776 coram

110 806 205 840 nobis
236 807 440 851 judicialiter
477 809 563 839 inter
605 809 693 851 ipsos
732 806 883 839 dominos
929 806 1089 852 plebanos
1129 817 1170 839 ex
1209 817 1272 839 11113
1317 810 1346 838 et
1390 806 1584 850 religiosum
1631 806 1767 838 fratrem
1811 805 1979 837 dominum

108 866 282 901 Nicolaum
311 866 488 913 plebanum
519 866 691 912 hospitalis
721 870 826 900 sancti
857 870 990 912 spiritus
1021 870 1051 900 in
1082 868 1228 911 Antiqua
1251 866 1360 899 Bruna
1383 866 1508 900 ordinis
1530 867 1668 912 predicti
1689 871 1783 912 parte
1804 877 1846 899 ex
1877 865 1979 898 altera

110 927 312 961 concludere
341 930 476 961 minime
506 927 687 961 debeamus
718 931 749 960 et¹
778 927 908 961 facturi.
940 931 1107 973 recepturi
1139 932 1168 960 et
1200 928 1340 960 audituri
1371 930 1402 961 111
1433 928 1520 960 dicto
1551 931 1705 961 termino.
1735 938 1798 971 que
1829 927 1869 959 de
1895 928 1980 970 juris

108 988 225 1022 ordine
253 988 375 1022 fuerint
405 988 569 1021 facienda.
627 987 821 1021 Iutimantcs
852 989 977 1021 eisdem
1009 991 1127 1021 citatis.
1159 987 1276 1032 quibus
1302 993 1332 1021 et
1355 999 1416 1021 nos
1438 987 1647 1033 presentibus
1672 991 1870 1021 intimamus.
1893 986 1980 1032 quod

108 1052 134 1083 si
163 1051 412 1094 comparuerint
441 1048 576 1082 indicto
605 1051 748 1081 termino
778 1053 830 1081 aut
860 1060 937 1082 non.
970 1060 1030 1082 nos
1060 1051 1172 1093 utique
1203 1049 1242 1081 ad
1275 1049 1525 1082 conclusionem
1558 1060 1658 1082 cause
1689 1048 1875 1081 huiusmodi
1896 1059 1980 1093 pre-

111 1110 197 1144 dicte
222 1111 312 1154 justo
337 1111 423 1154 juris
453 1109 570 1143 ordine
600 1113 737 1142 servato
768 1110 989 1154 procedemus
1020 1113 1166 1155 ipsorum
1197 1109 1354 1143 absencia
1384 1120 1442 1143 seu
1474 1112 1683 1143 contumacia
1715 1120 1780 1142 non
1811 1108 1976 1142 obstante.

108 1170 206 1204 Diem
228 1175 341 1204 vestre
371 1173 588 1204 execucionis
618 1169 733 1203 fideles
764 1170 858 1203 nohis
880 1182 941 1203 una
963 1182 1036 1203 cum
1059 1173 1227 1203 nominum
1249 1174 1438 1204 vestroruin
1461 1170 1713 1215 subscripcione
1734 1175 1766 1203 et
1795 1169 1979 1213 sigillorum

109 1235 300 1265 vestrorum
331 1234 550 1277 appressione
579 1231 618 1264 ad
649 1236 825 1276 presentes
856 1232 984 1276 plenam
1016 1231 1112 1263 fidem
1143 1230 1203 1264 sub
1225 1234 1319 1276 penis
1340 1231 1498 1277 predictis
1520 1231 1692 1264 facientes.
1726 1230 1845 1264 Datum
1866 1229 1980 1263 Zabr-

111 1292 241 1326 dowicz
269 1295 301 1326 10
330 1294 535 1325 monasterio
565 1296 681 1325 nostro
710 1292 861 1337 predicto
891 1292 1038 1325 secunda
1069 1291 1120 1324 die
1150 1295 1276 1325 mensis
1305 1292 1392 1325 Junii
1423 1303 1510 1325 anno
1540 1292 1663 1325 domini
1693 1291 1867 1324 millesimo
1902 1295 1980 1323 tre-

110 1355 292 1387 centesimo
322 1355 544 1398 nonagesimo
575 1355 691 1386 tercio.
722 1357 837 1385 nostro
868 1355 982 1385 maiori
1004 1352 1064 1385 sub
1094 1352 1203 1397 sigillo
1232 1352 1444 1398 presentibus
1475 1357 1670 1397 tergotenus
1701 1362 1874 1397 appresso:

420 1501 496 1536 (Ans
521 1501 584 1527 dem
611 1500 691 1535 Orig.
717 1501 745 1526 in
771 1501 820 1526 der
844 1501 1038 1526 B‹.(-s·k·sctie11
1064 1500 1124 1535 Slg.
1148 1510 1175 1526 11.
1201 1501 1282 1526 3116
1308 1501 1344 1525 im
1369 1501 1458 1526 nn'ihr.
1483 1495 1764 1537 Laudes-Archive.)

995 1716 1098 1753 157.

56 1817 62 1823 ·
112 1802 188 1837 Der
233 1803 447 1838 Obrowzsstzer
483 1803 554 1837 Am
589 1803 778 1837 Jaroslaus
815 1803 956 1848 belielell
994 1803 1066 1836 (lem
1103 1805 1314 1846 ‚qesammteu
1356 1801 1478 1835 Clerns
1517 1802 1580 1835 der
1613 1800 1785 1833 Olmatz-er
1816 1799 1978 1842 Diores-e.v

113 1865 167 1898 die
202 1863 349 1909 Psarrer
389 1864 541 1908 Romal,
571 1864 684 1898 Janlfo
714 1868 779 1898 etc.
812 1866 843 1897 in
874 1864 964 1897 allen
997 1863 1149 1896 Ix'ircleen
1180 1863 1233 1896 als
1264 1863 1547 1896 e.c‹·01n1122112ici1·!
1577 1873 1617 1894 zu
1648 1861 1808 1894 erlflf‘iren
1840 1861 1907 1894 med
1936 1872 1976 1893 zet

110 1924 318 1969 verlm‘nden,
355 1926 437 1959 dass
465 1926 517 1959 sie
547 1925 642 1959 ihrer
670 1924 870 1969 Benese'cien
903 1924 1067 1967 rerlusli'y
1098 1925 1246 1967 werden„
1279 1935 1373 1957 ircim
1402 1924 1454 1956 sie
1480 1924 1522 1956 im
1551 1921 1716 1966 Verlanfe
1737 1922 1795 1955 des
1819 1921 1979 1955 Monotes

109 1985 194 2020 Jum·
228 1985 321 2019 m'clet
358 1986 451 2020 allen
481 1985 781 2029 Enlsclzez'demyen
810 1985 954 2029 ,wrm-let
984 1985 1132 2018 werden.
1165 1984 1292 2018 welche
1321 1985 1353 2017 in
1384 1984 1456 2017 (lem
1487 1983 1654 2017 z-iriscleeu
1687 1982 1786 2016 {lmen
1818 1982 1885 2015 und
1914 1982 1977 2015 den

109 2045 324 2080 Allbrzinner
361 2046 607 2080 Krenz-leerren
647 2046 865 2090 auhavefsiyen
905 2045 1072 2079 proeesse
1111 2057 1151 2078 ει(
1183 2046 1333 2079 Gaius-len
1372 2045 1433 2078 der
1471 2044 1636 2078 [etz-terem
1672 2043 1796 2088 ,qeffisslll
1827 2043 1976 2076 irurden.

712 2107 841 2142 Datum
875 2106 1047 2139 Obrowitz-
1077 2106 1111 2139 2.
1142 2106 1227 2139 Jum'
1256 2105 1365 2139 1393.

264 2193 459 2247 Jaroslaus
498 2213 609 2246 divina
649 2214 872 2245 miseracione
902 2210 1004 2244 abbas
1036 2213 1227 2244 monasterii
1259 2209 1355 2243 beate
1384 2209 1491 2243 Marte
1520 2211 1662 2253 virginis
1692 2207 1976 2241 Zabrdovicensis

109 2285 214 2320 prope
243 2272 388 2307 Brunam
420 2273 546 2306 ordinis
573 2272 895 2306 premonstratensis
926 2271 1160 2305 ()lomucensis
1191 2272 1347 2307 diocesis.r
1373 2271 1479 2314 judex
1501 2275 1533 2304 et
1553 2273 1776 2304 conservator
1796 2274 1976 2314 perpetuus

108 2344 172 2367 1103
203 2344 277 2367 cum
307 2333 378 2367 aliis
408 2336 531 2366 0051115
560 2336 591 2366 111
621 2332 683 2366 hac
713 2337 807 2378 parte
837 2332 977 2370 collegis
1002 2333 1125 2375 jurium
1148 2337 1180 2365 et
1200 2332 1453 2377 privilegiorum
1476 2330 1719 2364 honorabilium
1740 2329 1976 2373 religiosorum

109 2397 258 2428 virorum
289 2394 498 2427 dominorum
529 2396 680 2438 magistri
711 2398 742 2427 ct
772 2393 909 2426 fratrum
941 2392 1182 2425 cruciferorum
1214 2392 1331 2425 domus
1361 2391 1532 2437 hospitalis
1561 2393 1668 2425 sancti
1688 2389 1851 2423 Johannis
1871 2389 1977 2422 ‚lero-

111 2454 287 2489 solimitani
326 2455 502 2489 duduma
542 2454 623 2487 sede
662 2454 845 2500 apostolica
884 2454 1074 2499 specialiter
1113 2453 1299 2499 deputatus,
1340 2451 1590 2485 venerabilibus
1626 2456 1658 2484 et
1700 2451 1852 2484 discretis
1896 2452 1977 2483 viris

109 2515 250 2548 dominis
272 2517 439 2548 universis
461 2519 491 2547 et
513 2514 652 2559 singulis
682 2514 855 2548 abbatibus
885 2513 1052 2559 prioribus
1082 2516 1260 2559 prepositis
1290 2513 1425 2546 decanis
1456 2511 1747 2546 archidiaconilnis
1778 2511 1977 2556 archipres—

110 2575 236 2621 byteris
274 2575 459 2609 scolasticis
496 2575 688 2609 cantoribus
718 2575 910 2609 custodibus
941 2575 1159 2608 thesaurariis
1190 2576 1325 2607 eanocis
1355 2577 1419 2606 tam
1450 2572 1652 2606 cathedralis
1681 2583 1777 2617 quam
1809 2572 1977 2615 collegia-

107 2641 213 2670 tarum
251 2636 482 2669 ecclesiaruni.
521 2646 651 2669 necnon
692 2636 861 2679 0311113015
902 2637 1058 2669 ministris
1098 2634 1263 2680 prioribus
1303 2632 1557 2679 preceptoribus
1586 2637 1618 2666 et,
1647 2631 1977 2666 commemlatoribus

108 2697 260 2730 ordinum
278 2707 563 2741 quorumcunque.
586 2696 881 2742 pai-ochaliumque
911 2696 1129 2730 ecclesiarum
1153 2700 1184 2728 et
1205 2695 1407 2740 capellarum
1430 2693 1628 2727 rectoribus.
1651 2696 1819 2739 perpetuis
1840 2695 1976 2725 vicariis
