2313 3090
1017 187 1064 221 79

106 292 171 338 geb
201 295 264 327 wir
293 295 324 326 in
354 291 448 326 disen
477 291 565 326 offen
593 291 682 338 prief
707 291 871 337 versigelt
900 295 957 325 mit
986 304 1110 327 unsern
1140 296 1241 339 eigen
1271 292 1520 338 anhangunden
1549 292 1705 337 insigeln.
1763 291 1832 326 Der
1866 291 1978 337 geben

104 353 145 387 ist
172 353 257 387 nach
288 351 411 386 Christi
439 352 580 399 gepurd,
611 351 949 386 dreuzehenhundert
973 354 1029 397 jar
1058 354 1123 388 und
1153 354 1213 388 dar
1242 353 1328 388 nach
1360 357 1392 388 in
1422 353 1496 387 dem
1527 353 1665 387 anderm
1696 353 1761 387 und
1782 352 1979 387 neuzlzisten

100 415 166 459 jar,
195 424 236 448 an
264 413 346 448 sand
374 412 469 448 Veits
498 417 554 459 tag
584 412 642 447 des
672 413 818 459 heiligen
849 418 1022 448 martrerr.

415 518 506 553 (Orig.
531 519 614 553 Perg.
640 520 691 544 mit
715 520 742 546 5.
768 520 834 545 anh.
859 519 918 554 sig.
944 520 980 544 im
1005 529 1041 546 tn.
1067 520 1320 549 Laudes-Archiv,
1352 521 1415 549 Art,
1441 520 1704 555 Koniginkloster.)

1007 674 1084 710 94.

279 751 405 786 Albert
432 763 496 785 ‘con
528 751 720 797 Sternbery
758 754 832 786 tritt
869 754 996 786 seinem
1026 752 1166 787 Bruder
1196 753 1322 798 Stefan
1352 755 1406 788 die
1436 753 1534 798 Bury
1564 753 1709 787 Sretlau
1739 753 1793 787 ab.

862 812 920 847 Dt.
952 813 1013 848 24.
1042 813 1127 848 June?
1159 814 1270 848 1392.

262 889 352 944 Nos
389 908 551 944 Albertus
589 909 630 944 de
669 909 858 955 Sternberg
897 909 1002 943 dictus
1031 912 1063 943 in
1095 909 1274 944 Swietlow
1310 914 1428 944 tenore
1457 912 1668 956 presencium
1699 911 1978 955 recognoscimus

107 974 288 1015 universis,
327 971 414 1016 quod
452 975 634 1017 pensantes
671 982 711 1004 ac
748 971 996 1017 perpendentes
1035 970 1154 1004 nobilis
1183 971 1318 1005 Domini
1348 971 1510 1017 Stephani
1529 972 1584 1006 ‘de
1615 970 1804 1015 Sternberg
1834 970 1911 1004 dicti
1940 970 1981 1004 de

109 1031 283 1067 Zabrzech
312 1031 425 1066 fratris
454 1034 559 1066 nostri
588 1034 752 1066 carissimi
783 1031 965 1066 fraternam
995 1031 1229 1067 dileccionem.
1263 1043 1359 1077 quam
1391 1032 1431 1066 ad
1462 1043 1523 1066 nos
1554 1044 1571 1066 a
1602 1035 1752 1078 primeva
1774 1042 1833 1065 sua
1854 1034 1980 1064 iuven-

107 1099 175 1128 tute
203 1096 309 1139 gessit
338 1097 370 1127 et
399 1092 509 1127 adhuc
539 1095 695 1126 continue
724 1104 849 1138 gerere
879 1104 946 1126 3011
975 1092 1116 1137 desinit;
1146 1098 1179 1126 ut
1209 1098 1319 1127 autem
1350 1093 1413 1127 hec
1443 1093 1583 1127 dileccio
1613 1096 1700 1127 inter
1737 1103 1798 1127 nos
1837 1102 1981 1137 compa-

106 1158 219 1200 ginata
256 1154 399 1189 validius
436 1153 628 1197 roboretur,
667 1157 777 1187 animo
817 1153 1001 1187 deliberato
1039 1158 1237 1199 maturoque
1277 1154 1417 1188 consilio
1456 1153 1630 1200 prehabito
1665 1157 1816 1199 pretacto
1846 1152 1980 1186 domino

110 1215 283 1263 Stephano
321 1215 413 1249 velut
448 1214 542 1248 fratri
590 1220 704 1249 nostro
743 1218 930 1258 carissimo.
969 1217 1040 1249 eius
1070 1214 1251 1249 heredibus
1281 1215 1431 1249 dedimus
1461 1214 1740 1260 presentibusque
1769 1216 1981 1258 resignamus

106 1281 257 1312 nostrum
308 1281 455 1310 castrum
503 1275 681 1310 Swietlow
729 1287 793 1309 1133
849 1287 923 1309 01113
971 1275 1069 1319 villis.
1123 1275 1311 1315 montibus„
1360 1275 1475 1317 silvis.
1532 1274 1724 1308 nemoribus
1773 1285 1812 1307 30
1859 1277 1982 1307 ceteris

107 1337 204 1372 bonis
240 1336 415 1371 mobilibus
454 1341 486 1370 et
519 1336 742 1370 immobilibus
781 1337 820 1370 ad
851 1337 880 1370 id
912 1341 1057 1371 castrum
1088 1335 1327 1382 spectantibus,
1363 1347 1402 1369 ac
1432 1339 1539 1369 eciam
1569 1336 1671 1369 literis
1702 1334 1981 1381 privilegialibus,

109 1409 326 1445 quascunque
363 1397 536 1432 habemus.
577 1408 635 1431 seu
674 1397 801 1431 habere
830 1409 1009 1443 possumus
1047 1398 1225 1435 (duntaxat
1253 1402 1402 1432 nostram
1432 1402 1507 1443 post
1536 1401 1692 1437 mortem)
1723 1407 1797 1429 cum
1828 1394 1981 1429 omnibus

110 1459 246 1502 iuribus,
284 1458 504 1501 libertatibus,
540 1458 744 1493 utilitatibus.
785 1458 927 1493 diviciis.
967 1458 1128 1492 fructibus
1159 1463 1190 1492 et.
1219 1458 1450 1505 proventibus,
1481 1458 1572 1491 velut
1602 1457 1804 1491 antedictum
1835 1461 1980 1490 castrum

109 1532 182 1555 cum
213 1523 335 1554 ceteris
364 1524 396 1553 ut
425 1519 595 1566 prefertur
632 1532 648 1553 a
678 1519 774 1554 nobis
805 1525 835 1554 et
869 1523 993 1554 nostris
1032 1519 1304 1565 progenitoribus
1340 1519 1502 1553 hactenus
1538 1529 1732 1565 possessum
1771 1522 1832 1552 est.
1872 1519 1982 1562 quiete

110 1581 301 1623 tenendum,
340 1580 541 1615 habendum.
582 1581 818 1616 utifruendum.
858 1592 920 1614 nec
959 1592 1024 1614 non
1063 1579 1202 1626 pacifice
1242 1592 1374 1626 quoque
1414 1585 1566 1626 tempore
1595 1578 1847 1625 possidendum,
1883 1581 1983 1611 acin

111 1653 189 1676 suos
226 1653 305 1676 usus
344 1641 623 1675 convertendum.
663 1646 818 1687 tanquam
858 1654 951 1676 suum
991 1644 1161 1688 proprium
1200 1641 1364 1675 vendere.
1404 1640 1549 1674 tradere.
1589 1645 1685 1685 prout
1725 1650 1784 1673 sue
1822 1639 1982 1684 placuerit

109 1704 281 1737 voluntati.
311 1702 539 1748 Nostramque
568 1714 721 1736 sororem
752 1703 896 1737 nobilem
926 1705 1094 1747 virginem
1125 1701 1312 1745 Elizaheth.
1343 1701 1463 1735 nobilis
1485 1701 1608 1735 domini
1630 1700 1762 1735 Alberti
1784 1703 1836 1746 pie
1857 1711 1982 1733 reeor-

109 1765 257 1798 dacionis
287 1763 363 1797 dicti
393 1763 433 1796 de
464 1763 642 1797 Swietlow
672 1763 771 1797 filiam
802 1767 832 1797 in
862 1766 1084 1810 prenominati
1106 1763 1267 1809 Stephani
1298 1774 1412 1797 curam
1434 1762 1750 1796 recommendamus
1771 1766 1803 1794 et
1823 1763 1983 1794 commit—

110 1828 207 1859 timus
236 1823 297 1858 sub
326 1824 381 1858 tali
411 1825 646 1858 condiccione:
678 1825 765 1870 quod
797 1830 965 1871 pretactus
996 1824 1149 1858 domiuus
1180 1824 1371 1870 Stephanus
1402 1823 1506 1857 frater
1535 1828 1651 1857 noster
1676 1821 1839 1868 prelibate
1860 1824 1983 1866 virgini

109 1889 308 1932 quingentas
347 1896 478 1919 marcas
516 1896 713 1930 grossorum
752 1888 915 1919 moravici
954 1888 1083 1919 numeri
1123 1889 1152 1918 et
1189 1888 1380 1931 pagamenti
1420 1896 1479 1930 pro
1518 1895 1578 1918 5110
1609 1883 1764 1917 1101311010
1795 1883 1835 1916 de
1865 1882 1982 1916 iisdem

109 1947 216 1991 110315,
252 1952 287 1980 111
321 1949 533 1992 premittitur.
570 1949 639 1992 ipsa
679 1947 883 1993 deposcente
920 1946 1017 1980 debet
1058 1951 1089 1979 et
1119 1950 1251 1979 tenetur
1280 1949 1351 1979 sine
1381 1948 1471 1979 omni
1501 1944 1774 1978 contradiccione
1805 1948 1833 1976 et
1865 1942 1982 1976 fraude

109 2009 188 2042 dare
218 2012 250 2042 et
279 2011 454 2053 assignare
484 2007 580 2041 bonis
609 2018 683 2041 cum
713 2010 863 2053 pecuniis
893 2012 923 2041 et
954 2011 1088 2054 paratis.
1135 2007 1169 2040 Si
1200 2018 1283 2040 vero
1314 2006 1431 2051 aliquis
1461 2017 1504 2039 ex
1535 2007 1656 2038 nostris
1687 2003 1980 2048 congressoribus.

109 2068 292 2113 vulgariter
321 2068 501 2115 stupknov.
532 2068 706 2101 multocies
736 2068 920 2102 antefatum
960 2068 1128 2102 dominum
1167 2067 1374 2113 Stephanum
1414 2071 1468 2099 aut
1498 2077 1576 2099 snos
1609 2065 1752 2098 heredes
1784 2064 1824 2097 de
1862 2063 1980 2097 eodem

109 2133 220 2163 castro
250 2133 281 2163 et
310 2131 446 2163 ceteris.
476 2133 509 2162 nt
538 2131 750 2174 premittitur.
781 2129 919 2162 auderet
950 2132 1111 2175 impetere
1141 2130 1261 2173 quovis
1291 2127 1390 2161 modo
1421 2131 1477 2160 aut
1507 2130 1716 2172 impugnare.
1748 2128 1902 2171 pinguius
1933 2127 1982 2157 ius

111 2190 148 2223 ad
180 2189 296 2223 eadem
326 2189 412 2224 bona
443 2190 568 2223 habere
598 2190 772 2224 volentes:
812 2195 936 2224 extunc
967 2193 1200 2236 prenominato
1230 2189 1364 2222 domiuo
1395 2187 1569 2234 Stephano
1600 2187 1717 2220 decem
1749 2186 1847 2219 millia
1887 2195 1981 2217 mar—

112 2261 224 2285 carum
254 2262 450 2295 grossorum
481 2250 693 2284 denariorum
725 2254 939 2297 pragensium
978 2254 1141 2284 moravici
1181 2252 1310 2284 numeri
1341 2253 1373 2282 et
1403 2251 1606 2295 pagamsmti.
1647 2251 1712 2280 11110
1743 2251 1772 2279 et
1804 2248 1983 2290 assignatis

111 2315 260 2358 pecuniis
298 2312 455 2357 predictis
493 2312 600 2345 eidem
640 2312 774 2345 domino
812 2312 984 2358 suprafato
1020 2316 1075 2345 aut
1112 2314 1182 2345 eius
1220 2309 1413 2347 het-edibus.
1454 2312 1507 2355 qui
1538 2312 1692 2355 pinguius
1723 2311 1772 2341 ius
1802 2306 1981 2342 habebunt.

113 2374 199 2406 licite
227 2383 264 2405 se
293 2375 514 2406 intromittere
543 2377 681 2418 possunt
711 2372 751 2406 de
780 2372 888 2415 bonis.
920 2377 952 2406 ut
980 2372 1160 2418 prefertur.
1190 2372 1360 2418 predictis.
1393 2370 1435 2404 Ut
1464 2375 1573 2403 autem
1604 2369 1666 2402 hec
1697 2373 1809 2401 nostra
1840 2367 1982 2400 donacio

111 2438 143 2466 et
172 2435 362 2477 resignacio
392 2437 462 2466 rata
493 2435 613 2466 existat
643 2437 675 2466 et
704 2432 810 2468 firma.
840 2438 1031 2479 presentem
1063 2433 1192 2466 literam
1224 2437 1338 2466 nostro
1369 2431 1478 2469 sigillo
1509 2434 1644 2477 proprio
1674 2434 1788 2462 1105113
1820 2428 1860 2461 de
1890 2432 1982 2461 certa

112 2495 256 2527 sciencia
288 2504 350 2526 una
382 2504 454 2526 cum
485 2493 594 2536 sigillo
624 2493 834 2527 illustrissimi
863 2497 1021 2540 principis
1051 2494 1175 2527 domini
1219 2494 1341 2527 domiui
1372 2491 1532 2525 Bolkonis
1563 2491 1654 2523 (lueis
1685 2489 1875 2535 opoliensis
1905 2488 1983 2522 dicti

111 2554 150 2587 (le
181 2553 354 2588 Strzelicz.
385 2565 425 2586 30
454 2553 570 2597 sigillis
600 2554 757 2588 nobilium
789 2554 1008 2588 Dominorum
1039 2553 1177 2588 Ctiborii
1208 2554 1248 2587 de
1279 2553 1466 2586 Stiborzicz
1497 2553 1624 2583 1-0111111.5
1648 2550 1862 2583 posoniensis
1883 2553 1979 2593 regni

113 2614 274 2659 anarie.
304 2614 465 2648 ,1011331115
501 2613 540 2646 de
571 2614 801 2654 wartonbvrg
839 2615 913 2649 dicti
951 2615 991 2648 (le
1028 2615 1178 2648 Dieczin.
1215 2613 1379 2647 Ratkonis
1414 2612 1454 2645 de
1485 2610 1719 2651 Schenanffer,
1750 2609 1913 2643 Johannis
1943 2609 1984 2642 de

114 2675 311 2718 111020171οιτ
343 2675 501 2709 Smilonis
531 2676 570 2707 111·
602 2675 827 2719 Lichtenburg
863 2676 985 2709 11013131
1016 2679 1046 2708 13
1077 2675 1249 2707 VVetovia.
1289 2675 1414 2706 streuui
1447 2670 1634 2704 Buczkouis
1664 2671 1704 2703 (le
1736 2670 1850 2715 Raycz
1880 2672 1984 2703 nostri
