2313 3090
1004 190 1076 224 325

105 296 273 326 conventu
304 295 496 326 monasterii
526 293 660 326 claustri
691 297 808 338 regine
838 298 869 328 in
898 294 1045 340 Antiqua
1066 294 1188 337 Brutia,
1211 295 1341 329 devotis
1362 294 1512 329 fidelibus
1535 297 1657 328 nostris
1679 295 1818 337 dilectis,
1841 294 1973 340 opidum

105 353 267 399 Myenym
298 353 419 386 dictum
449 352 603 398 Menays.
634 358 903 399 comparavimus
925 367 984 401 pro
1006 360 1097 390 certa
1118 359 1280 401 peccunie
1300 367 1440 399 summaq
1462 358 1543 402 ipsis
1564 359 1628 389 iam
1651 355 1771 389 dudum
1794 355 1974 400 persoluta.

105 425 180 448 cum
217 416 285 447 suis
323 417 492 448 universis
530 414 721 448 utilitatibus
763 415 931 449 dumtaxat
962 416 1003 450 ad
1033 421 1182 462 tempora
1214 420 1281 450 vite
1310 421 1425 450 nostre
1455 416 1632 450 tenendum
1664 421 1695 449 et
1724 415 1973 462 possidendum.

105 474 193 508 Dicti
231 485 363 519 quoque
402 474 490 520 opidi
521 474 707 508 huiusmodi
739 480 922 522 empcionis
953 482 983 510 et
1014 477 1221 511 vendicionis
1252 481 1424 511 contractu
1455 480 1518 510 iam
1549 477 1686 511 realiter
1715 479 1803 510 nacti
1832 487 1975 522 posses-

103 538 232 569 sionem
261 537 421 580 piscinam
451 535 563 568 utilem
594 540 622 568 et
656 548 809 581 magnam
840 540 1051 571 extruximus
1072 540 1162 571 iuxta
1184 538 1271 581 illudq
1293 549 1357 583 que
1379 538 1486 572 eidem
1508 538 1606 584 opido
1629 543 1793 583 tamquam
1817 540 1973 582 contigua

104 600 242 642 apparet
270 599 421 632 intuenti*
451 596 682 630 condicionem
705 598 866 642 siquidem
890 602 1063 631 memorati
1084 599 1171 644 opidi
1194 610 1252 644 per
1273 599 1411 632 eandem
1435 602 1595 645 piscinam
1618 599 1789 632 meliorem
1812 598 1974 632 facientes

104 657 292 691 evidenter.
336 656 462 691 Verum
493 660 603 690 animo
632 664 812 702 pensantes
843 659 928 704 quod
959 671 1001 692 ex
1032 660 1183 693 diuturna
1215 663 1369 694 tencione
1399 661 1488 705 opidi
1517 661 1686 696 antedicti.
1717 659 1813 693 nobis
1843 659 1974 693 decen-

79 708 269 761 '⁵*dentibus‚
299 717 553 752 successoribus
583 721 704 752 nostris
736 724 846 764 posset
864 720 934 753 dari
956 723 1103 762 occasio„
1125 731 1161 754 se
1182 720 1221 754 dc
1243 721 1342 766 opido
1362 721 1601 755 intromittendi
1621 720 1785 766 sepefata,
1809 725 1973 765 tamquam

104 778 224 822 dubiis,
253 790 318 824 quo
348 783 521 813 contractu
551 779 683 825 opidum
714 780 909 825 prelibatum
940 792 999 826 per
1028 792 1088 814 nos
1118 785 1182 814 tam
1213 781 1267 815 diu
1296 782 1395 815 fuerit
1425 792 1631 827 possessum.
1662 781 1748 814 unde
1769 783 1974 826 prenarratis

105 838 292 884 virginibus
320 851 409 873 nova
437 844 575 886 possent
604 843 722 874 venire
753 842 1007 886 impedimenta;
1055 845 1227 887 cupientes
1257 854 1341 887 ergo
1373 843 1468 876 buius
1498 845 1631 887 negocii
1660 846 1830 875 recentem
1861 841 1974 874 facere

106 903 302 935 memoriam
332 905 482 946 tempore
511 900 653 934 affuturo
683 906 713 935 et
744 902 934 947 disponere.
966 907 997 936 ut
1027 902 1122 936 nobis
1152 903 1390 937 decedentibus
1421 904 1639 949 pretiiitiiiii÷⁵‘t
1669 903 1801 948 opidum
1832 913 1972 936 unacum

104 965 301 1006 prenarrata
329 964 457 1006 piscina
487 960 592 995 libere
622 966 653 996 et
683 962 808 1007 absque
838 966 1065 1008 cuiuscunque
1096 963 1238 998 bominis
1268 964 1506 1010 impedimento
1537 963 1576 996 ad
1598 966 1801 1008 proscriptas
1822 965 1974 1007 virgines

104 1021 305 1056 abbatissam
345 1027 377 1055 et
415 1027 617 1056 conventum
661 1028 885 1057 revertantur.
930 1025 1134 1069 disponimus
1173 1030 1202 1058 et
1243 1030 1372 1058 maturo
1411 1027 1522 1058 animo
1559 1036 1596 1057 ac
1637 1024 1677 1057 de
1707 1029 1797 1057 certa
1828 1026 1973 1057 sciencia

104 1082 309 1125 ordinamus,
338 1087 372 1117 ut
401 1083 574 1128 completis
604 1083 720 1117 diebus
750 1087 872 1117 nostris
901 1084 1027 1129 absque
1058 1096 1149 1118 mora
1181 1086 1331 1131 sepefate
1361 1089 1512 1130 virgines
1543 1086 1582 1119 de
1612 1088 1684 1131 ipso
1714 1085 1813 1131 opido
1843 1089 1873 1118 et
1904 1087 1975 1117 eius

105 1143 244 1189 singulis
283 1146 511 1189 pertinenciis
554 1147 639 1178 sicut
678 1155 737 1190 per
777 1156 836 1178 nos
866 1150 989 1179 tentum
1021 1151 1069 1179 est
1100 1151 1130 1179 et
1161 1150 1302 1180 tenetur.
1333 1158 1371 1179 ac
1402 1146 1442 1179 de
1473 1149 1598 1192 piscina
1628 1157 1665 1179 se
1695 1148 1912 1179 intromittant
1943 1149 1974 1178 et

104 1204 146 1238 ad
176 1214 256 1238 usus
285 1215 325 1238 ac
354 1204 524 1238 utilitatem
556 1216 648 1238 suam
679 1210 710 1238 ut
742 1216 810 1238 rein
842 1209 1009 1251 propriam
1041 1207 1199 1252 deinceps
1229 1206 1333 1240 libere
1363 1211 1629 1243 controvertant„
1660 1206 1779 1252 quibus
1808 1205 1974 1252 prefatum

104 1265 238 1311 opidum
277 1276 350 1299 cum
380 1265 530 1311 predicta
561 1268 699 1311 piscina,
744 1271 775 1299 ut
806 1268 974 1312 prefertur
1003 1278 1062 1312 per
1092 1278 1152 1300 nos
1182 1271 1348 1311 extructa7
1379 1267 1420 1301 ob
1450 1267 1588 1301 salutem
1620 1271 1729 1301 anime
1759 1272 1873 1301 nostre
1904 1271 1976 1312 post

104 1325 227 1360 obitum
258 1331 406 1360 nostrum
437 1327 607 1360 reddimus
637 1326 699 1360 biis
729 1330 872 1372 scriptis.
904 1328 1126 1361 decernentes
1155 1328 1277 1361 nullum
1308 1328 1460 1361 omnibus
1491 1331 1612 1362 nostris
1641 1327 1894 1362 successoribus
1919 1329 1975 1371 jus

104 1392 299 1433 competere
329 1388 369 1422 ad
399 1387 531 1433 opidum
563 1392 594 1421 et
623 1391 848 1434 pertinencias
878 1392 948 1422 eius
970 1400 1008 1421 ac
1030 1392 1190 1434 piscinam
1213 1400 1486 1434 preexpressam.
1509 1388 1544 1422 In
1567 1391 1659 1421 cuius
1680 1391 1727 1421 rei
1749 1391 1973 1422 testimoninm

105 1448 250 1493 sigillum
286 1437 435 1482 nostrum
476 1448 516 1482 de
553 1454 644 1483 certa
685 1454 796 1482 nostra
836 1452 981 1483 sciencia
1022 1449 1234 1495 presentibus
1263 1460 1444 1494 appensum
1476 1454 1525 1482 est
1555 1451 1745 1482 testimonio
1775 1449 1972 1482 litterarum.

104 1508 225 1543 Datum
261 1508 397 1543 Brunne
435 1520 522 1543 anno
561 1510 684 1544 domini
724 1510 897 1544 millesimo
935 1513 1172 1544 trecentesimo
1202 1513 1424 1555 nonagesimo
1454 1515 1564 1543 sexto.
1609 1509 1660 1543 die
1691 1514 1720 1542 et
1752 1509 1837 1543 festo
1867 1511 1972 1542 sancti

105 1570 246 1604 Andree
275 1570 417 1616 apostoli
446 1570 599 1616 gloriosi.

415 1675 491 1710 (Auf
520 1676 570 1701 der
602 1676 747 1701 Plicatur:
796 1677 837 1701 De
870 1676 1006 1701 mandato
1039 1676 1145 1701 domini
1177 1676 1350 1701 marchionis
1376 1676 1552 1701 Lam-enoius
1578 1675 1799 1709 protonotarius.
1826 1690 1867 1692 —
1893 1674 1971 1708 ‹ti-ig.

311 1728 392 1762 Perg.
417 1728 468 1753 mit
492 1728 557 1753 auli.
583 1728 640 1763 Sig.
665 1728 701 1753 im
727 1738 761 1753 m.
788 1728 1024 1753 Laudes-Archiv
1050 1729 1110 1753 Art.
1135 1728 1381 1761 Kizmiginklnster‚
1407 1728 1448 1752 tit.
1476 1728 1508 1752 Η.
1532 1736 1558 1752 n.
1585 1727 1624 1762 3‚)

981 1857 1089 1892 356.

104 1935 275 1971 Nz’kolaus
296 1936 524 1981 Biscltofcon
550 1936 682 1969 Olmillz·
712 1939 853 1970 ermmnt
873 1937 934 1969 (len
957 1935 1093 1968 Julmun
1117 1934 1269 1979 Steppels
1291 1946 1363 1967 zum
1385 1933 1607 1978 Ilaitplmmm
1627 1934 1690 1966 det·
1712 1933 1808 1977 Bury
1830 1932 1970 1966 itlez'litz.

703 1996 759 2030 Db.
794 1997 922 2030 Melle'tz-
958 1996 992 2029 8.
1034 1995 1223 2029 December
1264 1995 1372 2028 1396.

260 2073 438 2128 Nic-olaus
468 2098 531 2128 etc.
564 2093 820 2127 notuml'acimus
851 2098 913 2126 ete.
972 2092 1065 2133 Quod
1098 2091 1138 2124 de
1168 2091 1243 2133 fide„
1287 2091 1467 2135 legalitate.
1512 2090 1728 2136 providencia
1759 2094 1789 2122 et
1821 2092 1972 2122 circuni-

103 2158 292 2201 speccionis
327 2155 486 2188 industria
526 2157 652 2188 strenui
690 2154 854 2188 Jobannis
893 2152 1041 2198 Steppek
1082 2153 1190 2185 militis
1230 2156 1259 2185 et
1298 2152 1468 2185 familiaris
1509 2154 1610 2184 nostri
1649 2150 1753 2184 tidelis
1792 2153 1972 2183 summarie

105 2215 256 2250 fiduciam
296 2215 484 2250 obtinentes
519 2219 624 2262 ipsum
664 2220 778 2249 nostro
809 2219 840 2248 et
870 2214 1014 2247 ecclesie
1045 2218 1158 2246 nostre
1190 2212 1422 2245 Oloniucensis
1453 2215 1585 2244 nomine
1615 2214 1845 2244 constituimus
1874 2210 1971 2244 ordi-

105 2280 260 2311 navimus
289 2281 321 2310 et
350 2276 501 2311 fecimus.
533 2279 764 2310 constituimus
786 2276 977 2309 ordinamus
1000 2279 1029 2307 et
1053 2275 1192 2307 facimus
1213 2276 1335 2306 virtute
1357 2275 1566 2317 presencium
1590 2276 1738 2305 nostruin
1761 2274 1970 2316 capitaneum

105 2341 179 2372 sive
218 2337 434 2383 burgravium
472 2340 571 2371 castri
611 2340 713 2370 nostri
753 2336 894 2370 Meilicz.
939 2336 1111 2381 opidorum
1152 2335 1304 2367 Wissaw
1343 2338 1372 2365 et
1413 2333 1566 2377 l'ustmyr
1597 2343 1725 2365 necnon
1758 2332 1909 2365 villarum
1940 2336 1969 2364 et

104 2401 386 2444 pertinenciarum
434 2398 602 2431 districtus
645 2398 806 2431 eiusdem.
855 2400 901 2430 sic
941 2397 1025 2441 quod
1064 2396 1150 2429 idem
1189 2395 1359 2428 Jobannes
1397 2394 1481 2427 idem
1526 2397 1671 2426 castrum
1713 2393 1806 2426 villas
1846 2392 1972 2425 incolas

106 2458 260 2493 homines
299 2463 329 2492 et
368 2459 550 2491 districtum
591 2458 740 2491 eiusdem
780 2470 853 2491 cum
893 2461 960 2491 suis
996 2457 1228 2490 emolumentis
1259 2454 1419 2488 fructibus
1449 2453 1667 2498 proventibus
1697 2457 1726 2485 et
1759 2455 1974 2498 pertinenciis

105 2522 275 2554 universis
305 2524 470 2563 tamqnam
502 2523 616 2552 noster
645 2522 675 2551 et
705 2518 850 2551 ecclesie
882 2523 997 2551 nostre
1029 2518 1261 2550 Oloniucensis
1292 2518 1485 2560 capitaneus
1515 2517 1587 2547 sive
1619 2513 1819 2557 burgravius
1851 2525 1973 2557 regere

103 2585 137 2614 et
165 2585 282 2614 tenere
311 2582 414 2625 possit
445 2584 474 2612 et
506 2579 623 2612 debeat
655 2584 768 2613 nostro
800 2582 933 2613 nomme
964 2584 993 2611 et
1016 2582 1121 2611 eciam
1145 2588 1203 2622 pro
1226 2588 1324 2622 posse
1346 2587 1404 2608 suo
1428 2575 1568 2608 fideliter
1588 2574 1792 2619 «gubernare.
1815 2573 1973 2607 Ceterum

260 2681 291 2720 ³¹²)
315 2684 452 2711 Ott‘eubar
475 2684 687 2710 Setireihfehler
712 2684 758 2709 fiir
782 2694 799 2718 p
811 2694 822 2709 r
831 2694 844 2709 e
858 2689 867 2709 t
879 2694 893 2708 :t
905 2692 918 2709 c
930 2691 938 2709 ῐ
951 2693 966 2709 ιι
978 2694 1013 2710 in.
