2313 3090
1013 187 1060 220 99

103 300 233 345 punctis
262 301 293 330 et
323 295 471 329 articulis
502 294 684 329 secundum
710 295 785 337 jura
817 297 847 326 et
878 292 1134 325 observanciam
1164 289 1367 324 vasallorum
1399 289 1544 322 ecclesie
1565 286 1799 321 Olomucensis
1820 286 1967 319 inviola-

103 358 213 393 biliter
241 357 428 391 observare
458 361 489 390 et
518 355 659 389 fideliter
688 354 870 399 adimplere
900 364 973 386 cum
1007 351 1139 385 effectu.
1170 351 1205 385 Si
1235 362 1318 384 vero
1348 350 1378 383 id
1408 349 1463 383 vel
1492 348 1612 393 aliquid
1643 349 1882 393 premissorum
1904 356 1969 378 non

103 419 297 460 fecerimus,
326 429 407 451 mox
435 417 499 451 duo
529 427 573 450 ex
602 415 697 449 nobis
728 414 980 448 fideiussoribus
1010 413 1181 458 predictis.
1211 415 1263 457 qui
1294 423 1353 457 per
1382 409 1613 444 Herschonem
1653 413 1683 441 et
1721 407 1865 441 heredes
1894 417 1972 440 suos

103 491 164 515 seu
192 490 252 525 per
281 490 353 521 eos.
383 478 423 512 ad
453 488 593 522 quorum
611 487 727 509 manus
757 478 983 522 promisimus.
1015 476 1128 507 moniti
1158 472 1330 506 fuerimus.
1361 474 1529 505 civitatem
1556 468 1729 503 Chremsir
1756 468 1971 514 prestandum

104 551 223 575 verum
253 543 283 573 ct
313 543 509 573 consuetum
539 537 727 581 obstagiuiu
758 539 789 570 in
819 536 918 570 domo
935 535 1066 569 honesti
1095 533 1247 579 hospitis.
1277 532 1372 566 uobis
1401 543 1462 577 per
1491 542 1550 565 eos
1580 535 1611 563 ut
1633 532 1734 563 moris
1756 533 1805 562 est
1827 528 1971 562 demon-

105 600 252 644 stranda,
282 599 418 646 quilibet
438 610 511 632 cum
534 609 599 632 uno
621 597 744 631 famulo
775 602 807 630 et
836 596 964 630 duobus
994 598 1087 641 equis
1117 596 1261 640 propriis
1291 596 1321 627 in
1353 595 1519 638 personis,
1549 602 1632 625 unus
1658 601 1758 635 super
1788 590 1884 622 alium
1907 600 1973 622 non

60 708 71 711 -
105 660 365 696 demonstrando
394 671 457 693 nec
487 663 672 705 expectans
711 658 863 692 alterum.
902 660 974 691 sine
999 655 1272 690 contradiccione
1308 658 1340 687 et
1377 653 1452 687 dolo
1492 651 1678 686 tenebimur
1716 656 1747 684 et
1784 649 1870 683 bona
1910 649 1973 683 fide

105 724 327 769 promittimus
356 720 545 755 subintrare
575 719 709 752 indilate
739 718 859 752 abinde
888 718 977 751 nullo
1008 717 1106 751 modo
1137 717 1271 758 exituri,
1301 725 1473 759 quousque
1503 712 1649 759 predicta
1678 711 1764 745 bona
1797 722 1871 744 cum
1906 713 1974 743 suis

63 805 69 812 ·
106 785 321 830 pertinenciis
351 786 383 815 et
406 780 538 826 juribus
568 779 751 824 disbrigata
782 784 811 812 et
841 778 993 812 libertata
1033 777 1155 811 fuerint
1184 780 1215 809 ut
1247 777 1445 821 premittitur
1474 785 1547 807 cum
1578 773 1709 807 ell'ectu.
1767 771 1803 805 In
1833 782 1973 817 quorum

107 844 246 879 evidens
276 844 499 877 testimonium
529 840 636 886 sigilla
667 844 780 873 nostra
812 842 946 885 propria
976 837 1187 885 presentibus
1217 837 1257 871 (le
1287 841 1377 870 certa
1407 839 1521 869 nostra
1551 837 1696 869 sciencia
1717 838 1793 867 sunt
1813 843 1972 878 appensa.

105 904 226 939 Datum
265 902 438 937 Chremsir
473 902 555 936 feria
598 906 714 947 quarta
751 903 904 946 proxima
943 904 1019 933 ante
1057 898 1179 932 festum
1217 899 1322 931 sancti
1361 896 1489 930 Thome
1526 895 1667 941 apostoli
1697 894 1848 938 gloriosi.
1887 904 1975 926 anno

107 965 229 999 domini
258 961 310 999 ΜΟ
338 961 440 998 CCCO
466 965 690 1007 nonagesimo
719 962 879 995 secundo,

419 1068 611 1103 (Kremsierer
628 1067 864 1100 Lehensquatern
891 1066 930 1094 ΙΙ,
955 1076 981 1099 p.
1009 1065 1072 1099 5⁸4.)

993 1211 1096 1247 116.

110 1294 248 1328 Jolzann
288 1292 504 1335 Erzbischof
532 1304 593 1325 'ron
633 1291 726 1335 Prags
766 1291 892 1324 erlass!
928 1290 1015 1324 uach
1053 1291 1167 1323 seiner
1206 1288 1385 1322 Visitation
1424 1287 1484 1320 der
1518 1286 1601 1320 (llm.
1642 1285 1794 1319 Dineese
1833 1286 1977 1328 (servisse

117 1354 369 1399 Verfiiyunqen.
401 1353 528 1387 welche
557 1354 634 1386 eine
661 1355 842 1396 strenqere
871 1351 1060 1384 lsi'rcleliche
1092 1350 1256 1393 Ordnzmq
1286 1350 1317 1381 in
1340 1347 1518 1381 derselbeu
1549 1346 1760 1380 hez-wecheli.
1794 1345 1850 1378 Dc.
1885 1344 1977 1388 Praq

839 1412 897 1446 23.
934 1411 1122 1445 December
1153 1409 1263 1444 1392.

266 1491 461 1545 *lohannes
490 1511 543 1544 dei
571 1513 687 1555 gracia
709 1514 824 1543 sancte
845 1508 1025 1553 Pragensis
1047 1508 1192 1541 ecclesie
1212 1506 1498 1551 archiepiscopus.
1528 1504 1711 1550 apostolice
1732 1503 1821 1537 sedis
1847 1502 1977 1546 legatus

109 1571 301 1606 reverendo
330 1575 362 1605 in
392 1570 526 1605 Christo
555 1574 638 1616 patri
668 1570 802 1604 domino
832 1569 971 1603 Nicolao
1002 1568 1234 1602 Olomucensis
1264 1567 1408 1600 ecclesie
1448 1593 1453 1599 .
1495 1593 1502 1599 .
1543 1568 1702 1611 episcopo
1731 1568 1763 1598 et
1792 1562 1977 1597 venerabili

109 1643 170 1667 suo
191 1632 334 1678 capitulo
354 1635 387 1666 in
407 1631 552 1676 Christo,
582 1635 654 1666 sine
679 1642 744 1677 quo
773 1631 817 1665 nil
837 1631 965 1664 salvum
986 1634 1095 1676 potest
1115 1628 1198 1669 fieri.
1228 1627 1379 1661 salutem.
1411 1626 1446 1660 In
1467 1626 1597 1660 sublimi
1617 1627 1770 1670 quamvis
1796 1626 1978 1657 immeritos

109 1704 171 1727 nos
207 1693 313 1738 gradu
351 1693 529 1727 collocavit
568 1692 746 1726 altissimus
783 1696 815 1725 et
850 1694 1030 1725 constituit.
1070 1690 1156 1735 quod
1197 1688 1289 1734 vigili
1327 1688 1367 1721 ad
1406 1688 1563 1721 talentum
1603 1686 1711 1732 populi
1752 1685 1827 1718 fidei
1866 1689 1979 1718 nostre

110 1753 228 1787 crediti
264 1756 508 1799 prospiciamus
546 1753 656 1796 oculo.
693 1765 734 1786 ne
774 1757 886 1786 nostra
925 1752 1136 1797 dispensacio
1176 1752 1207 1783 in
1247 1752 1389 1782 extremi
1427 1748 1556 1782 calculo
1595 1747 1706 1780 iudicii
1750 1745 1861 1779 valeat
1904 1755 1977 1778 cum

110 1814 259 1861 inprobis
296 1817 456 1861 reputari.
505 1814 594 1849 Sane
624 1816 788 1860 premissa
818 1817 933 1847 nostro
965 1812 1181 1845 revolventes
1212 1814 1242 1844 in
1274 1813 1384 1844 animo
1413 1814 1445 1843 et
1475 1820 1540 1842 non
1570 1811 1796 1848 immemores,
1828 1816 1980 1839 excusa-

113 1878 243 1910 cionem
281 1887 348 1910 non
384 1876 510 1909 admitti
549 1878 686 1921 pastori.
726 1878 753 1908 si
791 1874 884 1920 lupus
923 1885 1006 1907 oves
1035 1873 1179 1906 comedit
1209 1876 1241 1905 et
1269 1876 1384 1917 pastor
1413 1873 1531 1906 nescit,
1561 1868 1745 1902 accedente
1776 1866 1978 1913 prelatorum

112 1940 302 1970 nostrorum
328 1936 466 1971 consilio
487 1936 527 1970 ad
553 1936 731 1970 ecclesiam
755 1935 1014 1969 Olomucenscm
1044 1933 1140 1967 nobis
1169 1933 1355 1977 legacionis
1384 1936 1414 1965 et
1445 1930 1663 1975 metropolico
1689 1930 1766 1973 jure
1796 1927 1979 1961 subiectam

112 2007 173 2031 nos
214 1999 246 2031 in
289 1999 424 2031 nomine
467 1997 589 2031 domini
632 1996 831 2030 contulimus
875 2001 907 2029 et
949 1995 1069 2029 ibidem
1113 1997 1257 2029 servatis
1300 1992 1477 2027 servandis
1519 1993 1736 2025 visitaciones
1779 1992 1981 2021 exercentes

113 2056 259 2091 officium
289 2069 333 2091 ex
361 2057 632 2104 deposicionibus
663 2057 838 2102 fidedignis
869 2056 1143 2090 emendacionem
1173 2057 1400 2088 necessariam
1432 2054 1620 2086 invenimus
1650 2054 1679 2084 in
1701 2050 1909 2094 subscriptis.
1940 2047 1982 2081 Et

114 2120 188 2163 quia
218 2117 499 2153 reformacionem
530 2121 583 2164 pie
613 2121 775 2152 memorie
805 2118 927 2151 domini
950 2117 1085 2150 Arnesti
1116 2115 1369 2161 predecessoris
1390 2115 1506 2146 nostri.
1537 2115 1590 2157 qui
1612 2111 1752 2145 eandem
1784 2115 1859 2143 ante
1881 2110 1980 2143 multa

114 2190 275 2212 annorum
318 2180 484 2213 curricula
526 2180 704 2213 ecclesiam
745 2181 892 2213 visitavit
930 2189 1002 2210 cuin
1044 2187 1164 2220 inagna
1203 2175 1379 2213 diligencia
1420 2179 1450 2207 et
1490 2174 1637 2213 diligenti
1676 2171 1748 2205 zelo
1793 2170 1980 2203 confectam

114 2303 209 2346 penis
238 2303 269 2334 in
299 2311 338 2333 ea
367 2300 557 2345 singillatim
588 2303 702 2346 positis
733 2303 934 2346 precipimus
965 2311 1037 2332 eain
1069 2299 1108 2331 ad
1138 2308 1281 2342 unquem
1312 2308 1371 2342 per
1400 2296 1546 2341 prelatos
1576 2299 1609 2327 et
1646 2292 1795 2327 subditos
1832 2290 1980 2324 eiusdem

118 2361 262 2395 ecclesie
301 2365 333 2394 ct
366 2372 494 2404 omnes,
532 2372 614 2406 quos
644 2364 760 2406 tangit.
801 2364 905 2394 teneri
936 2366 967 2393 et
997 2360 1135 2393 firmiter
1172 2358 1361 2392 observari.
1419 2357 1497 2390 Item
1529 2354 1682 2388 volumus
1713 2358 1745 2385 et
1774 2352 1981 2386 mandamus

115 2421 202 2467 quod
239 2423 416 2467 episcopus
453 2421 551 2455 faciat
588 2422 642 2455 vel
681 2422 752 2455 lieri
791 2422 923 2455 mandet
963 2421 1127 2467 synodum
1167 2420 1270 2455 semel
1310 2422 1340 2452 in
1370 2428 1468 2451 anno.
1507 2419 1535 2449 in
1567 2426 1629 2460 qua
1659 2425 1816 2448 sermone
1845 2417 1983 2458 peraeto

117 2492 211 2516 more
241 2481 385 2515 ecclesie
401 2487 515 2516 nostre
544 2483 762 2528 metropolico
792 2486 966 2516 consueto.
989 2493 1062 2514 cum
1085 2481 1176 2515 clero
1197 2480 1257 2514 sibi
1279 2479 1428 2513 subiecto
1450 2488 1550 2521 super
1570 2473 1824 2508 occurrentibus
1844 2477 1983 2519 paterne

116 2542 268 2576 conferat
298 2547 328 2576 et
360 2542 512 2575 mandata
543 2546 736 2576 neccssaria
767 2546 827 2588 ipsi
857 2545 995 2576 intimet.
1025 2553 1066 2575 ne
1096 2541 1284 2587 periculose
1314 2542 1439 2585 possint
1470 2539 1665 2581 ignorancie
1695 2537 1861 2568 excusari.
1901 2534 1982 2567 Item

116 2606 320 2649 precipimus
359 2607 389 2636 ct
414 2603 609 2636 mandamus
647 2603 740 2636 fratri
775 2607 890 2636 nostro
926 2605 1098 2648 episcopO.
1138 2607 1169 2635 ut
1208 2601 1351 2635 libellum
1390 2603 1583 2632 statutorum
1623 2595 1890 2642 provincialium.
1926 2605 1985 2640 per

117 2663 285 2698 dominum
316 2664 499 2697 Arnestum
537 2665 590 2708 pic
617 2663 867 2696 recordacionis
906 2663 1183 2708 predecessorem
1214 2666 1362 2695 nostrum
1394 2659 1528 2692 editum.
1559 2669 1621 2690 una
1652 2668 1724 2689 cum
1755 2655 1984 2689 addicionibus

1819 2714 1878 2742 13³e
