2313 3090
1185 180 1258 215 316

1171 337 1279 373 343.

288 417 457 451 Xe'lcolaus
488 417 640 461 Biseleof
664 428 725 449 1·οη
759 416 890 449 ΟΙιηΜε·
918 415 991 460 yibt
1019 416 1093 449 dem
1121 415 1296 449 Johmmes
1326 415 1567 450 lsuelmzeiscer
1596 418 1694 449 einen
1716 415 1794 461 Hos
1808 418 1839 449 in
1863 415 2070 449 Scleo'nstein
2092 418 2156 449 etc.

770 488 810 510 za
840 476 966 510 Leleen.
998 476 1058 510 Dc.
1089 476 1206 510 Μίνωι
1238 475 1296 510 15.
1327 476 1531 521 September
1562 476 1671 510 1396.

445 555 622 606 Nicolaus
652 578 714 606 etc.
747 577 858 607 notum
890 573 1030 606 facimus
1060 577 1123 606 etc.
1156 572 1250 614 Quod
1282 572 1369 607 fideli
1398 578 1513 607 nostro
1542 573 1688 607 Johanni
1716 573 1953 607 Kuchmeister
1972 572 2158 618 burgravio

288 639 404 668 nostro
444 637 475 667 111
514 633 646 668 Meraw
686 637 718 667 in
755 634 834 667 villa
865 633 1069 667 Sclionstein
1099 638 1285 667 sessionem
1316 645 1389 667 cum
1420 637 1510 668 curia
1541 634 1725 678 colonaria,
1755 634 1908 668 undecim
1940 633 2055 667 laneos
2085 622 2158 669 cum

288 695 398 728 medio
438 694 662 733 censualibus.
703 699 770 728 tres
800 699 893 728 ortos
923 694 1057 729 ibidem.
1088 695 1325 738 molendinum,
1355 698 1387 729 in
1416 695 1493 729 villa
1523 695 1664 729 Hersicz
1695 695 1810 729 decem
1841 695 1956 729 laneos
1986 694 2158 728 tabernam

288 761 318 789 et
358 760 465 789 ortum
502 755 623 789 ibidem
654 760 683 789 et
716 758 747 789 in
778 755 854 789 villa
883 754 1094 789 Lutersdorff
1119 760 1260 800 quatuor
1288 756 1403 789 laneos
1434 759 1540 790 minus
1570 767 1635 789 uno
1666 756 1805 801 quartali
1835 760 1867 789 et
1896 760 2039 800 quatuor
2067 759 2160 789 ortos

288 817 408 850 ibidem
446 821 477 849 et.
515 817 721 861 generaliter
759 819 868 850 omnia
909 821 941 849 et
975 816 1105 861 singula
1145 815 1230 850 bona
1261 827 1334 850 cum
1364 817 1503 862 singulis
1533 820 1600 850 suis
1630 819 1846 862 pertinenciis
1877 821 1908 850 et
1932 815 2065 861 juribus
2094 820 2158 849 etc.

288 888 347 922 per
386 881 526 911 mortem
566 876 653 911 bone
690 879 851 911 memorie
890 876 1020 910 Nicolai
1060 876 1181 910 Bulacz
1221 877 1330 911 militis
1368 878 1486 911 vasalli
1525 881 1641 921 nostri.
1672 881 1745 911 sine
1774 877 1887 911 liberis
1916 877 2075 921 defuncti,
2105 879 2161 922 qui

288 938 374 970 dicta
404 937 490 971 bona
521 940 552 971 in
582 937 748 983 plieudum
780 937 904 971 babuit.
935 938 973 971 ad
1005 949 1065 971 nos
1095 938 1256 983 legittime
1287 939 1454 973 devoluta.
1480 941 1557 983 jure
1587 938 1676 972 feudi
1707 938 1858 972 dedimus
1889 950 1928 972 ac
1947 937 2160 984 presentibus

288 999 404 1031 danius
446 1009 521 1032 cum
564 999 704 1043 singulis
748 1002 816 1033 suis
854 998 986 1043 juribus
1025 1003 1056 1032 et
1095 1002 1310 1044 pertinenciis
1347 1011 1407 1045 per
1445 1011 1520 1033 eum
1560 1005 1592 1033 et
1627 999 1772 1033 heredes
1809 1011 1888 1034 suos
1916 1000 2098 1045 legittimos
2127 1002 2161 1033 in

287 1058 444 1104 pl'eudum
489 1059 667 1093 tenendum
708 1059 895 1093 babendum
933 1064 966 1093 et
993 1060 1243 1106 possidendum,
1274 1071 1346 1094 cum
1377 1060 1474 1105 plena
1504 1065 1667 1106 potestate
1698 1060 1783 1094 dicta
1813 1059 1900 1094 hona
1929 1060 2099 1094 vendendi
2128 1064 2161 1094 et

288 1120 456 1153 alienandi
494 1121 571 1164 jure
614 1120 737 1166 pfeudi.
783 1120 840 1154 Sic
885 1125 1007 1155 tamen.
1052 1121 1140 1166 qnod
1183 1121 1289 1155 dictus
1330 1121 1503 1155 ¹Iohannes
1546 1121 1794 1165 Kuchmeister,
1834 1124 1884 1155 sui
1922 1120 2068 1155 heredes
2106 1125 2161 1155 aut

287 1192 504 1214 successores
543 1181 583 1214 de
623 1181 719 1215 dictis
756 1181 850 1215 bonis
888 1181 984 1216 nobis
1020 1186 1053 1215 et
1091 1182 1235 1215 ecclesie
1270 1186 1384 1215 nostre
1423 1185 1568 1216 servicia
1608 1181 1731 1216 faciant
1769 1187 1802 1215 et
1838 1181 1976 1216 bernam
2006 1181 2158 1227 regalem

287 1242 494 1287 persolvant.
532 1242 567 1276 In
606 1254 747 1288 quornm
787 1247 850 1276 etc.
890 1243 1010 1277 Datum
1049 1246 1081 1277 in
1120 1247 1231 1277 castro
1269 1247 1384 1277 nostro
1421 1241 1553 1277 Meraw
1592 1242 1674 1276 feria
1713 1242 1771 1277 Vl.
1810 1247 1885 1289 post
1913 1242 2160 1277 exaltacionem

288 1308 404 1337 sancte
434 1306 543 1337 crucis
573 1315 659 1337 anno
690 1304 813 1337 domini
843 1302 1087 1338 MCCCXCVI.

604 1408 795 1443 (Krenisierer
819 1409 1059 1443 Leliensqnateru
1084 1410 1123 1436 ΙΙ.
1148 1419 1174 1444 p.
1203 1409 1285 1444 125.)

1173 1583 1283 1618 344.

380 1659 533 1693 Bimdnis
563 1661 624 1694 der
653 1664 777 1694 aster-r.
810 1660 972 1705 Hert-oye
1008 1659 1166 1695 Willeelm
1197 1662 1263 1695 med
1293 1660 1459 1694 Albreclat
1486 1662 1544 1694 mit
1573 1661 1646 1694 dem
1676 1660 1904 1705 Mat-Ifyrafen
1935 1652 2060 1694 Jo'dole.

878 1721 935 1756 Dt.
967 1721 1111 1766 Seefeld
1141 1722 1198 1756 17.
1230 1721 1433 1767 September
1464 1721 1572 1756 1396.

508 1796 520 1808 ,

445 1796 552 1850 “”1ι·
590 1817 749 1851 Willialm
788 1818 855 1851 und
894 1818 1070 1863 ΛΜΗ-60111,
1107 1823 1251 1854 vettern.
1282 1829 1350 1853 von
1378 1823 1477 1864 gotes
1514 1819 1648 1864 gnaden
1679 1819 1851 1864 herzogen
1881 1830 1920 1852 ze
1951 1812 2160 1861 Osterreich,

288 1888 327 1910 ze
363 1876 499 1922 Steyer.
536 1889 574 1911 ze
612 1877 770 1912 Kernden
801 1879 863 1912 und
895 1891 934 1913 ze
963 1879 1077 1923 Krain.
1108 1891 1238 1925 gravei]
1269 1892 1307 1913 ze
1337 1880 1442 1926 Tyrol
1471 1885 1533 1914 etc.
1566 1883 1637 1913 ains
1669 1880 1752 1923 [alls.
1782 1880 1849 1914 und
1878 1883 1943 1914 wir
1972 1879 2043 1913 Jost
2074 1879 2161 1914 auch

290 1949 355 1971 von
382 1943 490 1984 ,gotes
528 1939 662 1983 gnaden
702 1940 880 1985 niarggraf
913 1940 979 1974 und
1016 1940 1116 1974 liei-re
1154 1953 1192 1975 ze
1230 1941 1402 1985 Merliern‚
1434 1941 1491 1975 des
1521 1941 1661 1984 anderu,
1691 1940 1869 1975 bekennen
1898 1941 1963 1975 und
1994 1946 2051 1975 tun
2080 1941 2164 1975 kunt

289 1998 443 2033 olfenlicli
483 2002 539 2033 mit
569 2000 643 2034 dem
675 2000 770 2043 brief„
801 2001 861 2035 daz
892 2005 956 2035 wir
986 2001 1090 2036 durch
1121 2002 1205 2036 fride
1236 2002 1300 2036 und
1330 2002 1473 2047 gemacli
1503 2013 1606 2035 unser
1634 2001 1735 2043 sellis.
1766 2002 1832 2036 und
1862 2013 1963 2036 unser
1992 2002 2068 2036 land
2096 2002 2163 2036 und

288 2060 367 2094 leutt
396 2061 460 2094 und
490 2061 575 2095 ancli
606 2061 682 2095 1111111
713 2062 909 2107 angeborne
940 2062 1171 2097 frennlscliall't
1200 2063 1265 2097 und
1297 2063 1393 2107 liebe7
1425 2063 1477 2097 die
1506 2063 1680 2097 zwischen
1710 2074 1771 2097 uns
1801 2066 1853 2106 ist.
1875 2074 1936 2097 uns
1956 2063 2042 2097 nach
2063 2067 2162 2108 guter

289 2121 578 2168 vorbetraclitung
616 2123 693 2173 nudi
720 2128 769 2157 rat
807 2136 909 2158 unser
949 2124 1169 2162 dienstmann.
1201 2130 1251 2159 ret
1280 2124 1345 2158 und
1376 2124 1484 2158 lieben
1513 2129 1677 2169 gen-ouen
1708 2136 1747 2157 zu
1778 2124 1941 2158 einander
1969 2123 2161 2170 verpflicht‚

288 2185 435 2226 geainet.
476 2184 674 2229 verpundcn
704 2185 767 2218 111111
799 2186 962 2219 einander
991 2187 1023 2219 in
1052 2191 1155 2231 guten
1184 2190 1280 2220 treun
1310 2185 1445 2230 gelobet
1476 2185 1584 2219 baben
1613 2184 1679 2218 und
1708 2184 1946 2231 verptlicliten⁷
1975 2185 2163 2231 vei-pinden

290 2254 349 2276 uns
379 2243 465 2277 ancli
495 2244 560 2277 und
590 2244 734 2289 gelobcn
765 2246 972 2280 wissentlicli
1004 2250 1059 2280 mit
1089 2247 1193 2281 disem
1223 2249 1509 2292 gegenwnrtigen
1531 2245 1628 2289 brief,
1658 2246 1718 2279 daz
1738 2249 1805 2280 wir
1824 2246 1931 2280 sullen
1951 2246 2017 2280 und
2039 2245 2162 2280 wellen

293 2315 359 2337 von
400 2304 477 2338 lient
513 2305 587 2339 dem
628 2310 694 2350 lag.
735 2306 782 2340 als
821 2307 880 2340 der
919 2307 1006 2342 brief
1037 2308 1195 2353 gegeben
1225 2312 1276 2351 ist.
1307 2308 1359 2341 dic
1388 2307 1552 2341 neclisten
1584 2307 1669 2340 l'nmt'
1694 2318 1803 2352 ganze
1828 2308 1884 2352 jar
1913 2306 2164 2341 nacheinander

290 2363 466 2398 111-1111111611
498 2366 561 2399 111111
592 2367 780 2410 getreulicli
803 2368 965 2401 einander
985 2373 1137 2413 gei-alen.
1161 2368 1350 2413 beisteiidig
1370 2369 1434 2402 und
1456 2368 1624 2413 gcbollfen
1647 2371 1718 2402 sein
1738 2368 1848 2403 wider
1867 2368 1951 2402 aller
1971 2367 2163 2411 meniklich,

290 2436 519 2469 ansgcnonien
555 2427 628 2460 (lem
661 2426 807 2472 heiligen
838 2428 1044 2463 Romiscben
1075 2429 1179 2473 reich.
1210 2433 1242 2463 in
1271 2429 1417 2463 solicber
1446 2432 1543 2465 weis.
1574 2429 1620 2462 als
1651 2429 1800 2463 hernach
1830 2428 2035 2474 geschriben
2064 2432 2161 2463 steet.

288 2484 370 2518 Zuni
400 2491 520 2520 ersten.
553 2486 651 2531 iver„
683 2487 724 2521 ob
754 2491 888 2523 icmant.
919 2492 949 2522 in
981 2489 1126 2523 welliem
1158 2501 1344 2535 vermugen
1374 2490 1457 2524 oder
1486 2490 1616 2523 wirden
1646 2501 1684 2523 er
1712 2493 1759 2523 sei
1789 2490 1872 2524 oder
1900 2501 1987 2534 wer,
2017 2492 2164 2524 niemant

289 2556 532 2589 ausgenomen.
564 2547 708 2581 slbainen
739 2550 845 2582 under
875 2561 935 2583 uns
964 2561 1005 2583 an
1035 2555 1130 2584 seinn
1160 2551 1292 2594 landen,
1323 2551 1445 2593 leuton,
1475 2550 1675 2594 t'1·‹.=iliaitten‚
1705 2551 1852 2596 gnaden,
1879 2550 2032 2595 rechten,
2059 2555 2165 2596 guten

289 2606 530 2650 gewonliaiten
563 2608 624 2640 und
656 2608 755 2642 altem
787 2609 972 2643 ᾔει-1111111811
1002 2611 1170 2654 anvallein
1201 2612 1398 2656 angi-ciffiim
1431 2611 1622 2650 beswercn.
1653 2612 1796 2657 dringen
1826 2611 1909 2645 oder
1930 2611 2162 2657 beschedigen

290 2666 400 2710 wnrd,
432 2666 608 2701 liaimleicli
640 2669 722 2702 odei·
752 2670 920 2704 oll'enlicli.
952 2673 983 2704 in
1014 2670 1112 2704 dbain
1143 2676 1228 2707 weis
1257 2673 1365 2706 wider
1394 2671 1514 2715 nocht„
1545 2683 1646 2707 wenn
1678 2673 1749 2716 der,
1780 2672 1839 2706 der
1866 2672 1937 2707 also
1958 2672 2162 2718 angevallen
2188 2706 2192 2710 ,
