2313 3090
1215 193 1286 227 106

315 299 463 341 ipsorum
492 297 678 342 descriptis.
710 298 900 342 dictumque
930 297 1099 330 dominum
1129 296 1368 331 Bobunconem
1398 297 1575 343 plebanum
1606 299 1750 333 ecclesie
1779 302 1811 333 in
1840 299 1991 333 Puzdran
2017 299 2183 333 condem—

314 358 481 403 pnandum
511 363 541 391 et
572 358 759 402 cogendum
791 358 1114 403 condempnavimus
1144 369 1183 392 ac
1212 361 1386 402 coegimus
1415 358 1455 391 ad
1481 359 1627 393 dandum
1657 360 1894 404 assignandum
1925 364 1957 393 et
1985 360 2182 394 solvendum

313 418 472 451 ‹lecetero
496 423 525 451 et
548 421 679 452 inantea
702 422 839 451 terciam
860 422 989 463 partem
1011 418 1139 452 decime
1161 422 1229 452 vini
1259 430 1332 452 cum
1357 420 1434 462 jure
1464 424 1621 453 montano
1651 420 1691 453 de
1720 423 1829 454 vineis
1859 420 2034 456 antedictis
2051 431 2185 455 necnon

310 483 445 511 centum
467 483 499 512 et
531 479 706 512 duodecim
736 490 877 523 grossos
906 490 966 524 pro
996 483 1135 513 retentis
1167 479 1308 512 dominis
1338 478 1447 512 abbati
1477 484 1509 512 et
1538 483 1719 514 conventui
1749 485 1781 514 et
1807 483 2011 515 monasterio
2032 483 2065 514 in
2083 480 2185 514 Zdiar

312 539 496 575 antedictis.
537 550 598 571 nec
638 550 703 572 non
740 539 906 583 legitimas
945 539 1008 573 litis
1046 551 1226 585 expensas,
1266 551 1403 584 quarum
1440 544 1551 574 taxam
1581 540 1677 575 nobis
1706 544 1912 587 inposterum
1942 544 2184 585 reseravimus7

312 603 409 644 prout.
438 610 476 631 ea
506 601 614 631 omnia
645 603 675 631 et
705 599 833 643 singula
869 601 901 632 in
936 599 1020 633 dicta
1060 603 1231 633 sentencia
1260 600 1389 645 plenius
1420 604 1640 635 continentur.
1691 601 1817 643 Quibus
1847 602 2005 637 exhibitis
2033 601 2185 648 prefatus

314 662 473 703 magister
503 658 675 692 Conradns
705 663 838 693 nomine
868 664 1113 705 procuratorio.
1145 672 1208 706 quo
1238 672 1350 706 51111111ἦ
1381 664 1496 707 petivit
1526 661 1714 696 huiusmodi
1735 665 1941 696 sentenciam
1963 661 2073 696 debite
2093 673 2184 695 exe—

312 723 441 753 curioni
481 719 673 752 demandari
713 724 744 752 et
785 732 954 766 expensas
992 725 1024 755 in
1063 721 1251 755 huiusmodi
1279 732 1378 755 causa
1410 721 1515 755 factas
1545 725 1653 756 taxari
1682 723 1737 756 vel
1767 734 1901 757 causam
1932 721 2184 765 racionabile1n‚

314 791 415 824 quare
433 780 461 813 id
492 779 562 812 fieri
592 791 656 813 11011
688 780 831 814 debeant
867 780 947 827 (sic)
977 782 1200 826 allegandam.
1231 782 1295 815 Pro
1325 793 1425 816 causa
1455 793 1538 817 vero
1568 783 1775 826 racionabili‚
1805 795 1908 828 quare
1928 783 2077 829 predicta
2099 793 2184 817 sen—

312 843 418 873 tencia
449 839 557 873 debite
587 844 790 874 execucioni'
815 842 1009 876 demandari
1039 847 1070 876 et
1100 854 1268 888 expensas
1298 846 1405 876 taxari
1435 854 1500 877 non
1531 842 1685 886 debeant,
1716 843 1921 878 honorabilis
1952 846 2004 877 vir
2024 846 2185 889 magister

310 900 490 933 ι1111011111115
526 900 710 935 advocatus
747 903 1123 938 similiterconsistorii
1161 907 1352 948 pragensis„
1383 909 1582 949 procurator
1612 910 1644 938 et
1672 907 1807 938 nomine
1836 907 2070 950 procuratorio
2099 915 2184 950 pre-

310 961 386 994 dicti
425 961 547 994 domini
586 961 801 996 Boliunconis
840 963 985 1009 plebani,
1020 964 1060 997 de
1090 967 1183 998 cuius
1214 964 1370 998 mandato
1399 965 1550 999 similiter
1579 970 1709 999 constat
1738 977 1798 1011 per
1827 969 1900 998 acta
1931 975 2033 999 cause
2061 967 2184 1010 prioris

310 1024 486 1056 instancie.
509 1022 674 1066 quandam
704 1027 922 1069 excepcionis
944 1024 1093 1058 cartham
1125 1036 1268 1058 unacum
1298 1026 1440 1070 quodam
1471 1029 1690 1060 instrumento
1721 1025 1853 1072 publico
1883 1036 1982 1059 manu
2020 1024 2183 1059 Jobannis

310 1081 399 1115 Petri
417 1082 457 1115 de
475 1082 648 1127 Api-then.
680 1083 793 1117 clerici
825 1088 1033 1119 traiectensis
1064 1086 1208 1119 diocesis
1237 1085 1359 1131 publici
1380 1086 1563 1132 apostolica
1593 1091 1625 1120 et
1645 1087 1809 1132 imperiali
1831 1088 2027 1120 auctoritate
2047 1087 2183 1129 notarii,

310 1142 465 1176 confecto
495 1146 591 1188 signo
622 1148 653 1176 01
682 1147 815 1178 1101111110
845 1148 947 1191 ipsius
976 1147 1080 1180 solitis
1110 1151 1141 1180 et
1163 1150 1332 1181 consuetis
1363 1150 1560 1192 consignato
1590 1147 1630 1180 ad
1661 1146 1867 1193 probandam
1898 1146 2110 1191 diligenciam
2139 1146 2181 1180 de

310 1206 555 1248 prosecucione
594 1204 833 1250 appellacionis
873 1218 932 1240 sue
969 1207 1119 1240 exhibuit
1149 1212 1181 1240 et
1209 1207 1379 1253 produxit,
1410 1213 1526 1241 contra
1557 1220 1621 1253 que
1650 1207 1811 1254 producta
1840 1208 1991 1253 prefatus
2021 1209 2184 1252 magister

310 1263 483 1298 Conradus
513 1265 718 1309 generaliter
746 1266 852 1301 verbo
883 1272 915 1301 et
945 1271 1016 1301 sine
1046 1271 1178 1313 seriptis
1207 1269 1393 1314 replicavit.
1425 1268 1575 1303 Tandem
1605 1269 1700 1303 dictis
1729 1268 2002 1314 procuratoribus
2031 1270 2181 1314 parcium

309 1325 551 1358 antedictarum
592 1337 705 1359 coram
744 1326 840 1361 nobis
878 1331 908 1361 in
945 1329 1068 1372 judicio
1109 1328 1368 1374 conpar-entibus
1412 1333 1443 1362 et
1472 1340 1574 1375 super
1604 1329 1753 1363 deductis
1783 1331 1815 1362 in
1840 1329 2001 1373 judicium
2030 1340 2091 1374 per
2120 1338 2182 1362 nos

309 1385 485 1430 interloqui
524 1385 723 1431 petentibus.
763 1398 823 1421 nos
861 1400 944 1422 vero
982 1392 1064 1422 visis
1100 1389 1252 1423 omnibus
1291 1394 1323 1423 et
1360 1390 1500 1435 singulis
1539 1393 1571 1423 in
1610 1401 1710 1424 eausa
1751 1389 1938 1423 huiusmodi
1969 1389 2119 1423 deductis
2149 1393 2181 1422 et

309 1445 461 1489 allegatis
483 1448 628 1491 ipsisque
650 1451 777 1480 matura
808 1448 1056 1483 deliberacione
1078 1450 1236 1484 discussis
1257 1450 1541 1484 interlocutoriam
1564 1455 1712 1485 nostram
1733 1450 1772 1484 ad
1794 1453 1994 1496 peticionem
2016 1449 2179 1484 dictorum

309 1511 564 1552 procuratorum
594 1509 625 1539 in
655 1510 786 1553 scriptis
817 1509 947 1543 tulimus
969 1509 1155 1544 huiusmodi
1176 1510 1236 1544 sub
1257 1515 1394 1545 tenore:
1416 1511 1671 1556 interloquendo
1692 1513 1975 1556 pronuncciamus
1995 1509 2179 1556 predictam

309 1569 516 1600 sentenciam
546 1566 620 1599 sore
650 1571 849 1602 execucioni
879 1569 988 1603 debite
1019 1571 1280 1605 demandandam
1312 1582 1548 1617 expensasque
1577 1571 1742 1605 taxandas
1772 1576 1804 1605 et
1832 1573 1938 1617 ipsam
1967 1569 2180 1616 presentibus

310 1629 509 1660 execucioni
543 1626 653 1661 debite
692 1628 932 1663 demandamus
973 1631 1259 1677 condempnantes
1301 1644 1392 1666 ream
1437 1638 1566 1678 partem
1609 1635 1641 1666 in
1684 1633 1748 1666 litis
1790 1634 1956 1678 presentis
1999 1641 2180 1677 expensam,

308 1698 446 1732 quarum
477 1691 588 1720 taxam
619 1688 715 1722 nobis
745 1692 949 1734 inposterum
980 1702 1207 1726 reservamus.
1230 1693 1309 1726 Lata
1331 1698 1363 1727 01
1391 1693 1477 1727 lecta
1508 1698 1558 1727 est
1586 1693 1651 1727 hec
1680 1693 1931 1727 interlocutoria
1952 1694 2124 1727 sentencia
2144 1694 2177 1725 in

309 1750 509 1781 consistorio
547 1752 705 1793 pragensi
736 1749 818 1782 bora
849 1753 951 1783 tercia
982 1763 1068 1785 anno
1113 1753 1236 1787 domini
1277 1754 1452 1788 millesimo
1496 1753 1793 1788 CCCLXXXXIII
1836 1753 1888 1787 die
1931 1752 2014 1787 XXI
2055 1755 2180 1787 mensis

307 1808 495 1849 Februarii.
533 1809 745 1853 presentibus
784 1813 954 1855 magistris
983 1811 1059 1845 Vite
1090 1813 1130 1846 de
1160 1814 1353 1858 Dobrzano,
1383 1814 1482 1848 Petro
1513 1814 1553 1849 de
1581 1814 1724 1858 Zderaz,
1754 1813 1941 1858 advocatis,
1969 1813 2177 1848 VVenceslao

307 1868 417 1911 Mista,
448 1868 586 1902 Andrea
616 1869 780 1904 Zalucecz
810 1872 1084 1916 procuratoribus
1114 1874 1190 1908 dicti
1221 1878 1410 1910 consistorii
1439 1877 1628 1921 pragensis.
1668 1874 1790 1909 Datum
1828 1885 1934 1921 prage
1971 1873 2032 1909 sub
2069 1873 2179 1919 sigillo

309 1929 507 1963 ol'ticialatus
536 1933 629 1964 curie
657 1930 955 1977 archiepiscopalis
984 1937 1162 1978 pragensis
1191 1936 1370 1970 antedicte.

626 2035 719 2070 (Orig.
746 2036 827 2070 Perg.
852 2036 902 2061 mit
926 2037 992 2064 anb.
1018 2038 1077 2071 δὶς.
1102 2039 1138 2064 im
1164 2040 1253 2065 miilir.
1277 2040 1529 2068 Laudes-Archiv.
1554 2040 1617 2068 Art.
1643 2040 1714 2066 Saar
1739 2039 1779 2065 tit.
1804 2039 1840 2067 A.
1865 2049 1891 2065 n.
1918 2038 1980 2074 74.)

1186 2252 1298 2291 125.

307 2327 485 2361 doleamzes
514 2340 579 2361 ron
613 2329 743 2362 Glmlen
772 2331 925 2363 ciem-ms
954 2332 986 2363 iu
1016 2333 1259 2375 spiritualiIms
1288 2334 1347 2367 des
1380 2332 1463 2366 olm.
1496 2331 1690 2376 Bisa-leofes,
1720 2331 1794 2376 qibt
1811 2332 1908 2365 seiae
1929 2330 2175 2376 Zustimmunq,

308 2388 389 2420 dass
425 2388 486 2421 det·
518 2390 578 2433 far
614 2390 668 2423 11ἰο
705 2389 832 2423 Ρο[ἱ.ι·-
872 2391 940 2424 und
975 2391 1336 2439 sillauetus-Isaflelle
1373 2406 1413 2427 za
1449 2393 1684 2427 entriclateude
1718 2393 1801 2426 Zius
1829 2403 1896 2426 von
1923 2391 1949 2426 8
1978 2391 2081 2426 Marlt
2108 2402 2175 2426 von

308 2448 368 2480 der
399 2459 459 2482 ror
488 2449 561 2482 (lem
593 2449 836 2484 Blasinslhore
862 2451 1049 2495 ‚qeleqenen
1081 2453 1196 2487 Miihle
1225 2454 1407 2488 metris-latet
1436 2454 1560 2488 werde.
1602 2453 1660 2488 Dt.
1702 2453 1834 2487 Olmntz
1875 2452 1907 2487 1.
1938 2453 2040 2487 Mdrz
2064 2451 2173 2487 1393.

461 2524 656 2579 Johannes
699 2546 738 2579 do
777 2546 907 2580 Gbulen
946 2551 1133 2593 prepositus
1172 2552 1202 2583 111
1242 2549 1582 2593 Woll'ramskirchen,
1622 2551 1768 2584 vicarius
1804 2552 1836 2582 in
1874 2547 2099 2594 spiritualibus
2147 2551 2181 2582 et

304 2602 457 2637 officialis
488 2606 668 2639 reverendi
699 2609 729 2640 in
760 2606 892 2641 Christo
922 2611 1024 2653 patris
1054 2613 1086 2642 01
1115 2609 1237 2643 domini
1267 2611 1389 2644 domini
1423 2610 1552 2644 Nicolai
1589 2612 1739 2655 episcopi
1779 2602 2002 2643 olor'nucensis
2030 2607 2069 2642 ad
2091 2618 2176 2654 per-

306 2667 437 2708 petuam
469 2669 663 2700 memoriam
694 2670 741 2700 rei
770 2672 878 2712 geste.
911 2668 991 2702 Cum
1022 2680 1040 2702 a
1070 2669 1164 2703 nobis
1193 2673 1325 2716 petitur,
1356 2671 1442 2716 quod
1472 2674 1591 2705 iustum
1622 2674 1673 2704 est
1701 2674 1733 2704 01
1761 2669 1950 2713 honestum,
1981 2673 2045 2703 tam
2067 2671 2168 2714 vigor
