2313 3090
1014 179 1057 213 21

102 281 184 335 locis
213 283 475 328 quibuscunque.
507 283 546 316 ad
576 294 640 327 quc
670 286 758 327 ipsos
789 288 819 315 et
850 294 965 317 eorum
1001 285 1181 328 quemlibet
1211 287 1371 320 devenire
1403 287 1454 320 vel
1492 299 1550 332 per
1589 298 1653 332 que
1689 298 1747 319 eos
1788 291 1820 319 ct
1858 298 1973 319 eoi-uni

104 344 283 389 quemlibet.
312 347 454 378 transire
484 346 675 388 contigerit.
706 344 859 388 quamdiu
892 343 1011 378 ibidem
1044 345 1163 380 fuerint
1194 359 1252 380 scu
1285 348 1381 381 l'ucrit
1409 358 1524 381 eoruni
1547 348 1664 392 aliquis
1686 352 1715 380 ct
1739 351 1810 392 post
1834 347 1975 380 triduum

106 407 175 438 eius
204 404 259 439 vel
289 416 404 438 eorum
435 409 487 438 aut
519 404 656 438 alicuius
687 415 801 437 corum
832 404 952 439 abinde
982 417 1153 441 recessum
1185 408 1338 441 volumus
1369 411 1498 454 penitus
1528 411 1693 442 cessaria
1716 408 1847 441 (livinis.
1880 408 1974 448 Quod

104 469 129 499 si
168 466 254 499 forte
284 477 346 499 vos
376 465 556 499 reverendi
595 469 706 510 patres
746 465 1000 512 archiepiscope
1039 473 1069 501 et
1100 471 1248 514 episcopi
1289 473 1319 501 et
1350 468 1541 514 specialiter
1574 480 1633 501 vos
1664 469 1853 502 reverende
1884 473 1977 513 pater

105 527 238 560 domine
268 529 427 572 episcope
457 525 691 560 Olomucensis
721 526 776 560 vcl
805 526 903 572 aliqui
933 532 986 561 aut
1017 528 1134 573 aliquis
1165 534 1313 562 vestrum
1355 533 1384 563 in
1425 532 1572 575 presenti
1613 532 1756 573 negocio
1797 540 1976 574 processus

106 587 291 621 huiusmodi
335 592 621 631 transgressores.
665 587 942 623 contradictores.
987 594 1220 633 transgressor
1264 590 1317 623 vel
1357 590 1585 623 contradictor
1624 590 1751 623 l'ueritis
1791 589 1843 623 vel
1881 590 1976 623 l'uerit

105 652 268 694 repertus,
315 652 413 694 prout
448 647 487 681 ad
527 658 588 681 vos
635 652 667 681 et
704 653 855 682 vestrum
894 649 1072 694 quemlibet
1110 661 1251 695 presens
1290 656 1404 684 noster
1445 662 1625 697 processus
1665 651 1817 695 dirigitur
1854 655 1883 683 et
1916 662 1975 683 vos

103 712 274 743 concernit
305 713 360 742 aut
390 720 598 742 concernere
629 712 748 754 poterit
779 712 868 743 iuxta
901 713 1157 756 requisicionem
1189 711 1264 744 dicti
1304 712 1425 745 domini
1457 711 1627 745 Wilhelini
1658 723 1717 745 seu
1749 714 1976 757 procuratoris

104 769 251 803 eiusdem
287 769 342 803 vel
380 774 495 803 contra
535 773 640 816 ipsum
671 770 725 803 vel
755 773 826 803 eins
855 775 1007 804 tenorem
1037 770 1166 816 publice
1198 772 1252 805 vel
1282 772 1413 805 occulte
1444 772 1570 805 directe
1601 777 1631 806 et
1663 772 1825 805 indirecte
1855 771 1975 817 aliquid

103 833 378 877 attemptaveritis
417 831 470 864 vel
509 831 626 876 aliquis
656 835 806 864 vestrum
836 835 1083 877 attemptaverit
1114 843 1173 878 per
1204 843 1265 866 vos
1299 833 1351 866 vel
1381 832 1479 866 alium
1511 845 1570 866 seu
1601 833 1695 867 alios.
1726 838 1850 867 extunc
1880 832 1977 866 vobis

102 891 144 925 ob
172 890 408 938 pontificalium
438 892 633 937 dignitatem
664 895 883 926 reverencias
914 896 1030 927 merito
1061 893 1265 927 deserentes.
1298 893 1393 927 vobis
1423 898 1455 926 ct
1485 898 1633 927 vestrum
1664 893 1795 927 cuilibet
1827 896 1977 939 premis—

104 963 216 986 sorum
253 952 455 986 inobedienti
492 957 522 986 et
549 953 644 987 dictis
673 957 795 987 nostris
827 954 988 987 mandatis
1020 965 1132 1000 ymmo
1163 957 1278 988 verius
1308 955 1501 1000 apostolicis
1532 966 1596 988 non
1628 958 1768 1000 parenti.
1800 954 1885 988 dicta
1916 965 1977 987 sex

103 1013 229 1047 dierum
260 1017 421 1047 canoniea
439 1017 627 1048 iuonicione
657 1017 833 1060 premissa.
864 1025 997 1048 exnunc
1028 1019 1123 1060 prout
1155 1019 1279 1048 extunc
1310 1020 1339 1048 et
1363 1020 1485 1048 extunc
1514 1020 1609 1061 prout
1632 1027 1766 1049 exnunc
1788 1019 1976 1060 ingressum

103 1074 247 1108 ecclesie
276 1074 502 1109 interdicimus
533 1078 565 1108 in
595 1075 656 1109 hiis
685 1078 828 1121 scriptis.
886 1075 927 1109 Et
964 1078 991 1109 si
1021 1075 1208 1109 huiusmodi
1243 1076 1454 1109 interdictum
1486 1087 1546 1122 per
1575 1076 1657 1110 alios
1687 1088 1749 1110 sex
1776 1076 1861 1110 dies.
1893 1087 1977 1121 pre-

105 1134 190 1169 fatos
227 1146 290 1170 sex
327 1136 517 1170 immediate
555 1141 736 1182 sequentes
774 1140 997 1170 sustinueritis
1026 1136 1083 1170 vel
1111 1139 1328 1170 sustinuerint
1358 1142 1412 1170 aut
1441 1140 1634 1170 sustinuerit
1665 1137 1782 1182 aliquis
1813 1141 1975 1171 vestrum.

103 1196 188 1230 dicta
214 1198 376 1230 canonica
406 1200 595 1231 inonicione
625 1200 787 1243 premissa
818 1208 879 1231 vos
906 1202 938 1231 et
968 1202 1118 1231 vestrum
1148 1197 1328 1243 quemlibet
1349 1197 1580 1232 inobedientes
1602 1202 1632 1230 et
1654 1197 1900 1231 inobedientem
1930 1225 1936 1231 .
1969 1224 1976 1232 .

183 1285 189 1291 .
221 1260 253 1291 in
282 1258 409 1292 eisdem
430 1258 664 1304 suspendimus
693 1270 712 1292 a
741 1258 872 1292 divinis.
905 1258 1031 1292 Verum
1061 1261 1088 1292 si
1110 1258 1257 1304 prefatas
1280 1259 1446 1292 interdicti
1467 1264 1496 1292 et
1528 1262 1758 1304 suspensionis
1787 1261 1977 1292 sentencias

105 1329 164 1364 per
210 1318 294 1353 alios
331 1330 395 1353 sex
432 1318 514 1355 dies.
563 1318 710 1365 prefatos
749 1319 924 1353 duodecim
964 1320 1154 1354 immediate
1192 1325 1372 1365 sequentes
1411 1323 1635 1354 sustinueritis
1676 1320 1727 1353 vel
1762 1322 1978 1353 sustinuerint

105 1382 215 1413 animo
253 1379 308 1414 vel
347 1382 465 1413 animis
505 1379 656 1413 indurato
688 1379 741 1413 vel
770 1380 942 1423 induratis,
981 1380 1067 1426 quod
1098 1380 1195 1423 absit,
1226 1381 1312 1414 dicta
1342 1384 1503 1414 canonica
1533 1384 1722 1414 nionicione
1752 1383 1915 1426 premissa
1946 1383 1977 1414 in

105 1451 168 1475 vos
196 1444 229 1474 et
257 1445 406 1475 vestrum
437 1440 617 1486 quemlibet
645 1452 685 1474 ac
715 1452 932 1487 quoscunque
962 1441 1044 1476 alios
1074 1445 1227 1487 superius
1257 1444 1446 1475 nominatos
1475 1441 1681 1486 generaliter
1710 1441 1765 1475 vel
1786 1441 1977 1486 specialiter

104 1500 334 1536 inobedientes
351 1504 715 1536 excommunicacionis
745 1505 951 1536 sentenciam
982 1505 1013 1536 in
1043 1502 1106 1536 hiis
1135 1505 1268 1548 scriptis
1300 1530 1306 1536 .
1340 1530 1346 1535 .
1379 1530 1385 1536 .
1419 1530 1424 1536 .
1457 1502 1594 1536 ferimus
1624 1506 1657 1535 et
1685 1505 1792 1536 eciam
1823 1502 1977 1547 promul-

103 1573 233 1607 gamus.
263 1561 529 1597 Absolucioneni
561 1574 643 1597 vero
673 1566 819 1596 omniurn
849 1568 878 1596 et
909 1563 1129 1608 stngulorunn
1160 1566 1214 1609 qui
1244 1564 1391 1609 prefatas
1422 1568 1554 1597 nostras
1575 1567 1766 1597 sentencias
1789 1563 1842 1596 vel
1863 1573 1977 1596 earum

104 1624 246 1669 aliquam
283 1626 484 1657 incurrerint
520 1634 652 1669 quoquo
692 1624 803 1667 inodo7
829 1623 923 1658 nobis
964 1624 1017 1658 vel
1047 1627 1212 1670 superiori
1252 1629 1367 1658 nostro
1398 1624 1625 1658 tantummodo
1656 1635 1884 1657 reservamus.
1942 1623 1978 1657 In

106 1695 245 1729 quorum
275 1687 421 1718 omnium
453 1688 483 1717 et
513 1684 721 1729 singulorum
753 1687 975 1718 testiinonium
1006 1687 1245 1730 premissorum
1277 1690 1451 1730 presentes
1481 1688 1744 1729 aggravacionis
1769 1684 1896 1718 litteras
1917 1696 1976 1718 seu

107 1755 246 1791 presens
284 1744 449 1790 publicum
488 1747 754 1781 instrumentum.
794 1745 980 1779 huiusmodi
1021 1751 1168 1779 nostram
1194 1749 1481 1790 aggravacioneni
1522 1750 1552 1779 in
1591 1758 1628 1779 se
1666 1749 1892 1779 continentem
1923 1746 1977 1779 vel

104 1808 291 1847 continens,
327 1817 387 1852 per
423 1805 603 1840 Heni-icum
630 1806 765 1840 Henrici
804 1809 968 1840 notarium
1008 1806 1172 1853 publicum
1213 1807 1459 1853 infrascriptum
1490 1806 1590 1840 scribi
1621 1811 1651 1840 et
1683 1806 1843 1852 publicari
1874 1817 1974 1840 nian-

105 1867 257 1901 davimus
286 1869 459 1912 nostrique
488 1866 686 1912 pontificalis
715 1867 813 1912 sigilli
845 1869 998 1901 iussimus
1028 1871 1233 1913 appensione
1264 1871 1393 1901 muniri.
1451 1867 1571 1901 Datum
1607 1873 1637 1901 et
1668 1872 1776 1901 actum
1809 1867 1915 1900 Rome
1947 1870 1977 1900 in

105 1928 254 1974 hospicio
284 1927 503 1961 habitacionis
533 1932 647 1962 nostre
676 1928 736 1962 sub
767 1940 853 1962 anno
884 1940 900 1961 a
931 1931 1103 1962 nativitate
1133 1928 1256 1962 domini
1287 1928 1462 1962 millesimo
1493 1931 1730 1962 trecentesimo
1757 1931 1977 1972 nonagesimo

105 1991 222 2034 primo,
252 1988 440 2022 indiccione
467 1994 583 2034 quarta
613 1989 755 2032 decima„
786 1990 838 2023 ‹lic
869 1989 996 2023 sabbati
1028 1993 1148 2022 octava
1171 1992 1293 2023 mensis
1323 1989 1461 2035 Api-itis.
1484 1989 1693 2035 pontificatus
1718 1991 1918 2023 sanctissimi
1948 1991 1977 2021 in

105 2048 237 2083 Christo
267 2052 370 2096 patris
400 2054 431 2082 et
461 2050 585 2084 domini
613 2053 719 2084 nostri
749 2050 871 2084 domini
902 2049 1063 2084 Bonil'acii
1095 2050 1206 2083 divina
1238 2050 1456 2095 proxidencia
1486 2061 1571 2096 pape
1598 2050 1657 2084 IX.
1689 2050 1868 2096 supradicti
1891 2060 1977 2082 anno

105 2110 263 2144 secundo.
320 2109 534 2145 Presentibus
573 2111 693 2145 ibidem
731 2111 982 2153 honorabilibus
1020 2114 1102 2144 viris
1141 2110 1283 2144 dominis
1313 2111 1452 2145 Andrea
1492 2111 1532 2144 de
1569 2110 1708 2145 Gewicz
1738 2111 1918 2156 Pragensis
1948 2115 1977 2144 et

107 2171 399 2215 wissegradensis
442 2172 663 2206 ecclesiarum
706 2176 881 2208 canonico.
926 2172 1074 2218 Philippo
1118 2171 1260 2217 plebano
1304 2175 1336 2205 in
1379 2171 1518 2206 Sti-aska
1561 2172 1795 2205 Olomuccnsis
1834 2172 1978 2205 diocesis

105 2236 137 2266 et
164 2231 294 2265 Nicolai
322 2231 524 2266 Theoderici
554 2232 594 2267 de
616 2233 807 2268 Ketthelaw
829 2234 952 2267 clerico
975 2233 1267 2267 wratislaviensis
1289 2233 1433 2267 diocesis
1455 2238 1588 2267 rectore
1609 2232 1811 2279 parochialis
1833 2231 1978 2264 ecclesie

104 2296 219 2326 sancte
247 2292 353 2327 Marie
382 2293 470 2339 opidi
499 2293 806 2330 wladislaviensis.
830 2294 1123 2328 tVladislaviensis
1153 2294 1311 2329 diocesis.
1343 2293 1481 2327 testibus
1512 2293 1575 2327 lide
1597 2294 1705 2332 ilignis
1736 2293 1775 2325 ad
1816 2295 1976 2337 premissa

105 2356 235 2387 vocatis
273 2353 462 2399 specialiter
491 2359 523 2387 et
554 2358 692 2399 rogatis.

260 2448 302 2483 Et
331 2460 396 2494 ego
426 2449 591 2485 Henricus
621 2450 756 2485 Henrici
790 2479 795 2485 .
830 2480 835 2484 .
869 2479 874 2484 .
908 2480 913 2484 .
946 2451 1095 2497 publicus
1124 2454 1274 2486 notarius
1305 2455 1367 2484 etc.

417 2615 509 2645 (Oria.
538 2615 618 2647 Perg.
646 2616 671 2642 h.
697 2616 754 2649 Sig.
780 2616 943 2649 abgerissen
970 2617 1005 2641 im
1033 2616 1105 2640 Olin.
1132 2616 1203 2649 Cap.
1233 2616 1378 2641 Arctiivvsi
