2313 3090
1147 243 1185 246 —
1214 191 1286 226 138

317 296 558 330 honorabilium
598 301 630 329 et
667 296 902 340 religi‹‘›sorum
938 299 1086 329 virorum
1125 296 1334 329 dominorum
1375 298 1524 340 magistri
1554 300 1585 330 et
1615 296 1751 330 fratrum
1782 287 2181 332 cruciferorum-ordinis

319 360 423 391 sancti
453 356 614 391 Johannis
643 356 905 389 Jerosolimitaui
933 357 1123 402 specialiter
1147 356 1304 401 deputati,
1334 359 1502 390 universis
1532 362 1564 390 et
1591 357 1731 402 singulis
1753 358 1972 391 ecclesiarum
1994 357 2181 391 rectoribus

318 430 377 464 per
406 423 436 451 et
466 417 551 451 infra
582 417 777 451 decanatum
808 416 1104 451 Thassowiensem
1135 421 1167 450 et
1195 416 1276 449 alias
1305 415 1440 450 ubilibet
1470 420 1656 451 constitutis
1685 422 1740 451 aut
1768 421 1915 463 ipsorum
1938 420 2031 452 vices
2051 429 2183 462 geren-

319 478 416 521 tibus,
447 481 499 523 qui
529 476 739 524 presentibus
769 476 897 511 fueritis
926 480 1074 522 requisiti
1104 489 1163 510 seu
1193 477 1276 510 alter
1305 481 1453 511 vestrum
1471 477 1570 511 fuerit
1598 481 1788 523 requisitus,
1819 479 1957 512 salutem
1988 481 2019 512 in
2049 478 2182 512 domino

321 542 558 585 sempiternam
588 543 620 572 et
649 538 812 571 mandatis
840 540 963 571 nostris
993 541 1058 571 imo
1088 541 1201 571 verius
1231 537 1422 583 apostolicis
1451 537 1590 572 firmiter
1619 538 1770 573 obedire.
1801 538 1972 584 Vobisque
2000 542 2033 573 in
2063 542 2183 573 virtute

322 604 437 633 sancte
466 598 662 633 obediencie
692 602 724 631 et
752 597 812 631 sub
843 601 1206 631 excommunicacionis
1235 609 1321 643 pena
1351 598 1499 632 districte
1529 600 1745 644 precipiendo
1775 600 1983 643 mandamus,
2021 604 2185 645 quatenus

324 660 456 693 Paulum
487 659 632 692 Blasium
663 657 849 692 Sebastnar
878 662 908 692 in
938 659 1015 693 villa
1045 658 1232 695 Mmuwslz„
1262 658 1450 692 Johauuem
1481 659 1602 693 dictum
1632 659 1811 704 Klugman,
1849 659 2024 694 Nicolaum
2064 660 2184 694 dictum

321 720 486 753 Thelezer
516 723 545 752 in
575 720 652 753 villa
683 719 866 763 Bohdalau,
902 719 1082 753 Henricum
1122 720 1241 752 dictum
1272 718 1430 764 Anezyn7
1461 719 1640 754 Rudolsum
1670 720 1803 764 ibidem,
1832 720 2006 754 Nicolaum
2030 719 2184 764 Crech‚

321 781 507 814 Johannem
546 780 666 813 dictum
706 778 811 813 Cesar
849 785 879 814 et
917 780 1089 814 Nicolaum
1121 779 1313 814 Oleatorem
1343 783 1373 813 in
1404 780 1480 814 villa
1511 779 1743 823 waczdoff,
1773 781 1905 815 Petrum
1936 781 1976 814 de
2006 780 2184 827 Glasyerm

321 842 495 875 Nicolaum
526 840 738 884 Romoldum7
768 840 981 875 Braukonem
1013 845 1043 874 in
1060 841 1203 874 Krisano
1233 841 1336 875 laicos
1358 840 1592 875 Olomucensis
1613 842 1756 875 diocesis
1776 842 1999 887 personaliter
2018 844 2186 884 inventos,

322 904 402 936 alias
424 902 606 948 publicem
636 901 788 935 domibus
818 902 1062 935 habitacionum
1094 905 1240 947 ipsorum
1270 906 1302 934 et
1331 901 1498 935 (lominum
1529 901 1705 946 plebanum
1736 905 1767 936 iu
1798 902 1956 936 Swratka
1985 902 2025 936 ad
2055 906 2187 936 nostras

322 965 548 1008 peremptorie
578 965 685 996 citetis
714 966 921 1008 presencias,
951 974 1034 1007 quos
1064 967 1094 995 et
1124 974 1184 996 nos
1206 961 1416 1007 presentibus
1445 967 1597 1005 citamus,
1628 967 1661 996 ut
1690 963 1742 996 die
1759 962 1865 996 sabati
1894 966 2062 1008 proximo,
2082 962 2187 996 vide-

320 1024 397 1057 licet
425 1026 456 1056 in
486 1023 599 1067 vigilia
629 1027 842 1068 pentecostes
872 1034 984 1056 coram
1016 1023 1109 1056 nobis
1140 1026 1170 1056 iu
1199 1022 1425 1069 Mezyrzyecz
1456 1027 1487 1057 iu
1517 1022 1615 1057 domo
1645 1023 1729 1058 dotis
1759 1028 1873 1057 nostre
1903 1023 1986 1056 hora
2006 1025 2186 1056 terciarum

322 1088 525 1129 conpareant
556 1086 586 1116 in
617 1095 717 1117 causa
748 1088 780 1117 et
809 1087 930 1127 causis7
961 1095 1024 1129 que
1055 1089 1229 1117 vertuntur
1263 1087 1348 1117 inter
1386 1083 1600 1118 honorabiles
1636 1088 1668 1117 et
1706 1084 1871 1118 discretos
1908 1086 2001 1117 viros
2037 1083 2189 1116 dominos

321 1144 494 1178 Nicolaum
526 1144 704 1189 plebanum
735 1147 842 1178 sancti
870 1147 1004 1190 spiritus
1034 1148 1064 1178 iu
1096 1146 1240 1190 Antiqua
1271 1144 1381 1178 Bruna
1411 1150 1505 1190 parte
1535 1156 1576 1178 ex
1607 1156 1670 1178 una
1700 1149 1732 1178 et
1761 1145 1913 1178 dominos
1942 1143 2127 1177 Bohdalum
2158 1146 2190 1177 in

322 1205 480 1251 mutiny,
510 1204 698 1239 Jankonem
729 1208 759 1238 in
790 1205 996 1245 Bobrowka„
1026 1205 1246 1238 ltlichahelem
1278 1208 1309 1238 in
1338 1205 1488 1239 inferiori
1518 1205 1699 1239 Bobrowia
1730 1210 1762 1238 et
1791 1204 1975 1250 Georgium
2005 1207 2038 1238 in
2076 1203 2190 1238 Obecz

324 1266 542 1300 ecclesiarum
573 1265 734 1311 plebanos
763 1271 857 1312 parte
887 1278 929 1300 ex
946 1266 1062 1300 altera.
1093 1270 1124 1299 in
1155 1266 1270 1299 eadem
1301 1277 1402 1300 causa
1431 1269 1583 1300 veritatis
1614 1269 1837 1300 testimouium
1869 1265 2061 1311 perhibere,
2082 1267 2189 1298 certi-

324 1327 461 1360 ficantes
490 1326 723 1361 nichilominus
754 1330 842 1373 ipsos
872 1332 975 1361 testes
1005 1327 1045 1360 de
1075 1329 1245 1373 expensis
1277 1337 1359 1371 quos
1389 1331 1421 1360 et
1448 1338 1510 1360 nos
1539 1326 1750 1372 presentibus
1780 1325 2015 1360 certificamus.
2072 1324 2188 1359 Fidem

324 1387 419 1420 nohis
454 1392 569 1421 vestre
607 1390 823 1421 execuciouis
862 1387 961 1421 facite
1004 1388 1042 1421 ad
1078 1392 1253 1421 terminum
1303 1392 1535 1421 memoratum.
1592 1387 1712 1421 Datum
1757 1390 1789 1420 in
1833 1386 2058 1432 Mezyrzyecz
2101 1395 2188 1419 anno

324 1449 445 1481 domini
486 1448 659 1482 millesimo
697 1451 935 1482 trecentesimo
974 1452 1194 1493 nonagesimo
1234 1451 1349 1492 terciQ
1398 1448 1450 1482 die
1488 1451 1648 1482 vicesima
1688 1451 1790 1482 tercia
1822 1450 1945 1481 mensis
1975 1446 2065 1490 Maii,
2113 1457 2188 1480 meo

324 1509 432 1553 sigillo
462 1510 619 1543 videlicet
648 1509 843 1543 wenceslai
872 1510 1011 1555 predicti
1041 1510 1279 1555 subappresso.

639 1621 714 1662 (Aus
739 1624 800 1649 dem
826 1625 954 1655 Originnl
981 1626 1006 1650 in
1032 1625 1081 1649 der
1108 1624 1299 1650 Boeek‘seheu
1325 1624 1384 1656 Slg,
1410 1634 1437 1652 n,
1465 1624 1545 1648 311ss
1571 1623 1607 1648 iin
1633 1623 1719 1651 iniilm
1746 1620 2026 1655 Laudes-Arabim)

1208 1770 1310 1805 15⁰.

329 1846 448 1879 Staelae.
480 1846 640 1880 Dec-han!
670 1849 702 1879 1'11
746 1847 872 1887 Tasau„
914 1849 981 1881 mul
1018 1847 1167 1882 tt'enz-el.
1209 1848 1238 1881 Ι)
1251 1860 1353 1882 arrer
1392 1850 1423 1880 in
1464 1847 1620 1886 Memfi-ie„
1664 1847 1786 1879 cae'tc'ren
1831 1847 1874 1879 im
1918 1845 2090 1889 Auftraye
2133 1843 2193 1876 des

333 1906 547 1940 (nima-itaer
582 1907 691 1940 ΛΜΗ)ι
726 1908 914 1941 ,ΙανοεΙαηε
951 1909 1006 1941 die
1036 1908 1181 1952 I'farrer
1211 1909 1359 1944 Boledal.
1398 1909 1512 1942 daulfo
1542 1912 1605 1942 ete.
1636 1919 1689 1941 ‘mn
1729 1908 1784 1940 die
1814 1906 2129 1950 Zeuqenaussayen
2158 1905 2192 1937 iu

330 1968 402 1999 dem
432 1968 600 2000 zam'scleen
631 1968 730 2001 ilmen
771 1969 839 2002 mad
867 1970 930 2002 den
970 1969 1131 2003 Brae'mner
1163 1970 1406 2004 lx‘renz-leerren
1446 1969 1665 2012 (tillitithiqeto.
1698 1968 1865 2001 Processe
1906 1978 1947 2000 zu
1976 1964 2190 1999 senernelamen.

974 2029 1031 2063 Dt.
1065 2030 1208 2063 Meziris'·
1237 2031 1296 2064 ⁶23.
1330 2030 1405 2064 Mae?
1434 2029 1543 2063 1393.

487 2105 635 2158 Stat-ho
662 2125 811 2159 ‘decanus
840 2125 1112 2162 Thassoviensis.
1148 2127 1371 2161 wenceslaus
1400 2127 1560 2173 plebanus
1590 2130 1621 2159 in
1650 2125 1889 2171 Mezyrzyecr„
1915 2127 2117 2157 executores
2155 2120 2195 2154 ad

331 2186 541 2231 infrascripta
572 2192 601 2219 et
641 2189 861 2220 connnissurii
890 2198 907 2220 a
939 2187 1121 2221 venerabili
1152 2191 1181 2221 in
1213 2188 1345 2221 Christo
1375 2193 1468 2234 patre
1499 2189 1632 2221 domino
1661 2186 1815 2220 Jarostao
1844 2184 1964 2218 abbate
2002 2184 2195 2227 monasterii

329 2246 612 2280 zain-dovicensis
649 2259 752 2293 prope
783 2247 940 2291 Brunam,
965 2248 1079 2292 judice
1109 2253 1141 2281 et
1169 2254 1412 2283 conservatore
1442 2248 1686 2282 honorabilimn
1716 2251 1748 2280 et
1776 2246 2011 2290 religiosorum
2046 2246 2195 2278 virorum

331 2310 480 2351 magistri
511 2312 542 2341 et
572 2308 709 2342 fratrum
740 2309 981 2342 cruciferorum
1013 2310 1137 2343 ordinis
1166 2312 1271 2343 suncti
1299 2310 1462 2343 Johannis
1483 2309 1743 2343 Jerosolimitani
1764 2307 1922 2352 deputati,
1946 2303 2196 2339 honorabilibus

331 2372 362 2399 et
391 2368 543 2402 discretis
574 2372 655 2402 viris
685 2369 836 2403 omnibus
874 2374 903 2403 et
934 2370 1072 2414 siugulis
1102 2371 1320 2403 ecclesiarum
1352 2370 1502 2416 plebanis
1531 2381 1591 2415 per
1620 2373 1651 2403 et
1680 2368 1765 2402 infra
1805 2367 2000 2401 decanatum
2040 2364 2196 2399 Thasso-

331 2432 480 2462 xiensem
504 2434 688 2464 constitutis
710 2435 764 2464 aut
793 2434 938 2477 ipsorum
970 2434 1062 2465 vices
1091 2431 1299 2475 gerentibus,
1330 2435 1382 2476 qni
1413 2432 1541 2466 fueritis
1572 2433 1719 2475 requisiti
1745 2439 1804 2463 seu
1825 2428 1908 2461 alter
1930 2431 2077 2461 vestrum
2099 2424 2198 2458 fuerit

333 2493 521 2534 requisitus⁸>
561 2491 699 2525 salutem
740 2495 771 2526 in
809 2493 941 2525 domino
980 2497 1012 2525 et
1050 2492 1212 2525 mandatis
1251 2496 1372 2526 nostris
1411 2496 1475 2525 imo
1516 2495 1628 2526 verius
1658 2489 1849 2536 apostolicis
1879 2487 2016 2521 tirmiter
2045 2485 2196 2520 obedire.

333 2549 503 2595 Vobisque
543 2554 572 2584 in
612 2555 734 2586 virtute
772 2558 887 2587 sancte
925 2552 1120 2586 obediencie
1160 2557 1192 2586 ct
1220 2553 1279 2586 sub
1310 2555 1674 2587 excommunicacionis
1704 2562 1788 2597 pena
1818 2551 2015 2583 auctoritate
2049 2546 2197 2593 predicta

335 2610 481 2643 districte
511 2614 726 2658 precipiendo
756 2614 963 2656 mandamus,
993 2618 1155 2658 quatenus
1185 2614 1348 2647 discretos
1379 2618 1470 2648 viros
1501 2613 1685 2647 Bolidalum
1716 2615 1746 2645 in
1777 2610 1936 2655 lssnheyt,
1956 2607 2143 2642 Jankonem
2165 2608 2196 2640 in

338 2669 540 2706 Bohrowlia.
580 2673 800 2707 Micliahelem
844 2677 875 2707 in
914 2674 1062 2707 inferiori
1102 2673 1295 2710 Bobrowia,
1340 2674 1521 2717 Georgium
1562 2676 1592 2706 iu
1630 2672 1743 2706 Obecz
1782 2671 1999 2705 ecclesiarum
2036 2667 2198 2714 plebanos
