2313 3090
1008 209 1050 243 81

995 417 1070 452 97.

94 504 415 549 Murkyrafdodolc
441 504 582 538 schenkl
611 505 673 538 deu
707 505 950 538 lsai-thausern
982 507 1013 537 iu
1046 504 1171 538 Dolein
1201 506 1318 537 seinen
1352 503 1470 537 Besiez-
1500 505 1531 535 in
1563 503 1635 536 dem
1668 501 1780 547 Dorfe
1811 502 1967 536 Palmati.

764 565 820 598 Dt.
856 565 988 599 Olmutz·
1024 565 1058 598 3.
1089 565 1163 598 Juli
1192 563 1302 598 1399.

248 641 419 695 Jodocus
449 661 500 695 dei
530 665 645 706 gracia
686 661 835 695 marchio
865 660 1228 705 Brandemburgensis.
1276 663 1363 695 sacri
1402 660 1543 694 Romani
1583 662 1711 705 imperii
1749 659 1973 693 archicame-

59 710 70 713 “
92 725 212 763 rarius,
250 722 400 756 marchio
430 726 462 756 et
491 722 644 756 dominus
674 722 837 756 Moravie.
869 722 1136 756 Notumfacimus
1172 726 1290 755 tenore
1318 724 1532 767 presencium
1563 723 1743 756 universis,
1774 721 1861 766 quod
1892 732 1965 754 cum

91 785 251 829 precipue
289 786 375 817 inter
411 785 522 817 omnia
560 794 663 829 opera
702 783 846 817 humane
884 785 1136 827 negociacionis
1171 793 1231 827 pre
1271 782 1375 815 oculis
1414 781 1609 816 habeamus.
1653 781 1797 827 qualiter
1825 782 1965 815 salutem

91 848 253 879 nostram.
292 854 389 889 quam
428 844 593 877 interdum
633 847 723 878 iuxta
764 843 1011 878 inbecillitatem
1050 843 1257 876 condicionis
1293 848 1411 876 nature
1450 842 1579 887 fragilis
1614 847 1645 876 et
1674 843 1801 876 caduce
1831 846 1966 889 propria

92 904 188 950 culpa
225 904 439 949 negligimus.
479 903 595 938 saltem
626 907 871 938 intercessione
900 904 1052 938 aliorum.
1092 915 1135 938 ne
1174 909 1250 950 aput
1289 907 1422 937 vineam
1462 904 1660 937 dominicam
1691 908 1817 937 stemus
1848 907 1965 939 ociosi.

91 967 226 998 omuino
246 967 279 998 in
300 969 482 1010 conspectu
503 965 653 999 altissimi
674 970 913 999 restauremus.
936 965 1051 998 oculos
1072 964 1329 998 deliberacionis
1346 967 1476 998 interne
1498 965 1538 998 ad
1559 964 1680 998 fratres
1707 963 1965 999 Carthusienses

89 1028 330 1069 convertimus„
349 1028 402 1070 qui
424 1028 545 1071 spretis
565 1025 662 1059 huius
683 1026 785 1059 seculi
804 1030 1009 1060 ornamentis
1030 1025 1090 1059 sub
1120 1028 1275 1059 strictura
1306 1026 1473 1066 clausure,
1491 1030 1587 1060 veste
1610 1028 1686 1059 tecti
1716 1025 1857 1072 hispida.
1890 1025 1964 1059 cibo

88 1089 275 1132 asperrimo
313 1090 346 1120 et
384 1086 449 1120 hoc
487 1086 756 1121 moderatissimo
796 1098 856 1133 pro
895 1090 1143 1121 sustentacione
1177 1090 1246 1120 vite
1276 1089 1449 1133 pocicntes
1479 1086 1675 1120 devotarum
1707 1090 1901 1120 oracionum
1933 1089 1964 1120 in

88 1146 225 1180 odorem
256 1149 430 1180 suavitatis
460 1158 520 1192 pro
550 1150 698 1193 peccatis
727 1159 793 1182 non
823 1148 928 1182 solum
960 1151 1039 1184 suis.
1070 1148 1128 1182 sed
1157 1150 1308 1182 universi
1328 1149 1439 1194 populi
1461 1147 1632 1181 christiani
1654 1147 1822 1193 supplices
1848 1147 1963 1182 diebus

87 1212 120 1241 et
147 1207 301 1241 noctibus
330 1210 465 1254 pinguia
495 1207 637 1242 offerunt
667 1209 829 1243 altissimo
858 1209 1075 1243 holocausta:
1107 1220 1171 1254 quo
1193 1211 1282 1243 circa
1305 1213 1336 1242 ut
1358 1212 1552 1242 oracionum
1575 1211 1722 1254 ipsorum
1745 1213 1776 1242 et
1796 1207 1961 1242 bonorum

87 1279 226 1314 operum
256 1270 360 1302 simus
388 1271 568 1315 participes
598 1269 757 1314 religioso
788 1281 826 1303 ac
857 1269 1043 1303 honorabili
1072 1269 1165 1303 fratri
1196 1268 1367 1315 Stephano
1406 1272 1509 1315 priori
1547 1274 1579 1303 et
1608 1272 1664 1303 toti
1703 1272 1883 1303 conventui
1923 1281 1961 1303 ac

87 1339 202 1363 eorum
233 1328 489 1363 successoribus
519 1340 608 1363 nove
637 1330 856 1376 plantacionis
887 1335 1000 1364 nostre
1030 1330 1146 1364 domus
1167 1329 1272 1364 Vallis
1300 1330 1477 1375 Jozaphat.
1508 1332 1650 1375 virginis
1671 1330 1820 1375 gloriose
1841 1329 1959 1364 Marie.

85 1390 211 1424 ordinis
250 1388 498 1424 Carthusiensis
538 1393 569 1424 in
608 1390 716 1425 Dolan
755 1403 859 1437 prope
899 1391 1060 1425 Olomucz
1099 1396 1131 1425 et
1173 1391 1311 1437 gloriosi
1350 1391 1514 1425 Jeronimi
1551 1391 1697 1425 doctoris
1737 1394 1863 1425 eximii.
1906 1391 1960 1424 ubi

84 1450 234 1485 struendi
272 1450 384 1496 templi
421 1462 480 1485 seu
519 1451 664 1485 ecclesie
702 1455 817 1497 gracia
857 1464 917 1498 per
954 1463 991 1486 se
1028 1455 1171 1498 primum
1209 1452 1351 1498 lapidem
1383 1455 1556 1486 iniecimus
1591 1451 1819 1486 fundamento.
1851 1456 1960 1486 curias

84 1515 218 1545 nostras
246 1514 278 1545 in
307 1511 385 1545 villa
415 1511 565 1558 Palonyn
595 1515 687 1547 sitas.
719 1524 792 1547 cum
823 1517 914 1558 agris
944 1513 1039 1547 cultis
1069 1517 1101 1546 et
1130 1513 1272 1547 incultis.
1304 1516 1406 1559 pratis
1436 1516 1568 1559 pascuis
1596 1513 1689 1546 silvis
1718 1513 1844 1546 rubetis
1865 1516 1959 1558 aquis

84 1571 273 1606 fluminibus
302 1577 333 1606 et
362 1573 502 1617 singulis
531 1584 691 1619 aquarum
710 1574 917 1608 decursibus.
948 1574 987 1607 ad
1018 1575 1153 1609 easdem
1179 1577 1290 1608 curias
1311 1574 1352 1608 ab
1373 1577 1508 1619 antiquo
1530 1579 1681 1620 tempore
1702 1573 1956 1620 pertinentibus.

83 1643 159 1666 cum
196 1632 303 1679 plenis
335 1634 413 1678 jure
451 1637 483 1666 et
521 1633 679 1669 dominio.
719 1635 998 1680 quemadmodum
1038 1636 1172 1669 easdem
1209 1639 1318 1670 curias
1357 1639 1389 1670 in
1426 1639 1494 1670 suis
1529 1634 1685 1669 limitibus
1725 1640 1755 1669 et
1795 1639 1957 1670 terminis.

83 1693 124 1727 ab
153 1693 225 1727 aliis
254 1692 349 1727 bonis
378 1694 738 1729 circumadiacentibus
768 1696 942 1730 distinctis.
987 1696 1063 1730 olim
1094 1696 1200 1731 felicis.
1243 1699 1405 1731 memorie
1434 1696 1569 1731 illustris
1600 1696 1753 1730 dominus
1783 1695 1956 1730 Johannes

84 1754 236 1789 marchio
264 1755 430 1799 illm-avie,
451 1759 586 1801 genitor
606 1762 721 1791 noster
742 1760 843 1791 tenuit
866 1763 896 1791 et
918 1757 1029 1791 habuit
1051 1761 1118 1792 suis
1139 1761 1310 1804 peccuniis
1331 1762 1536 1804 comparata.
1565 1757 1726 1791 dedimus.
1758 1757 1956 1791 donavimus

48 1839 53 1844 -
85 1820 117 1849 et
155 1818 278 1849 virtute
314 1819 525 1862 presencium
564 1820 674 1851 animo
714 1818 898 1852 deliberato
937 1830 976 1852 ac
1015 1819 1055 1853 de
1089 1824 1180 1853 certa
1210 1823 1324 1853 nostra
1355 1821 1501 1853 sciencia
1531 1819 1647 1852 damus
1678 1818 1852 1852 donamus.
1896 1830 1956 1864 per

82 1879 190 1922 ipsum
231 1879 376 1922 priorem
417 1888 456 1911 ac
485 1882 687 1912 conventum
729 1882 830 1925 ipsius
860 1884 891 1913 et
921 1891 1035 1914 eorum
1067 1891 1285 1914 successores
1314 1883 1483 1926 perpetuis
1512 1878 1718 1925 temporibus
1744 1880 1820 1923 jure
1850 1879 1956 1913 here-

84 1936 202 1971 ditario
231 1937 374 1971 tenenda
404 1937 558 1972 habenda
588 1938 727 1973 fruenda
760 1945 791 1973 et
821 1943 926 1974 eciam
962 1941 1175 1987 possidenda.
1233 1940 1274 1975 Et
1312 1944 1563 1987 possessionem
1603 1943 1748 1974 omnium
1790 1940 1952 1974 bonorum

82 1997 211 2031 illorum
242 2001 290 2032 eis
320 2009 398 2032 mox
428 1998 590 2038 dedimus,
620 2005 651 2033 ut
685 1999 747 2034 hec
777 2006 892 2034 nostra
922 2002 1063 2036 donacio
1084 2001 1187 2036 robur
1207 2002 1349 2036 validius
1370 2004 1538 2048 acciperet
1560 2001 1732 2035 firmitatis.
1758 2000 1954 2035 Mandamus

82 2061 184 2103 igitur
205 2062 391 2093 camerario
417 2060 573 2094 czudario
596 2065 627 2095 et
656 2064 786 2095 notario
816 2066 930 2096 nostre
960 2063 1064 2097 czude
1085 2062 1318 2097 Olomucensis
1348 2062 1545 2097 officialibus
1567 2061 1784 2107 fidelibusque
1814 2062 1952 2095 dilectis.

82 2126 115 2155 ut
154 2125 262 2155 omnia
302 2122 387 2156 bona
428 2125 487 2157 ista
527 2126 618 2158 iuxta
654 2129 804 2158 tenorem
841 2127 1006 2170 presentis
1035 2124 1157 2159 littere.
1196 2124 1272 2158 dum
1302 2127 1441 2170 primum
1474 2123 1582 2157 tabule
1613 2128 1701 2156 terre
1731 2126 1762 2156 in
1793 2122 1953 2156 Olomucz

72 2186 198 2228 aperte
227 2182 361 2218 fuerint.
391 2186 471 2229 ipsis
501 2184 619 2218 tabulis
649 2196 742 2218 more
772 2188 878 2231 patrie
908 2188 979 2219 sine
1006 2186 1068 2219 alia
1090 2188 1314 2231 requisicione
1336 2196 1414 2218 mox
1436 2187 1517 2218 visis
1539 2184 1749 2230 presentibus
1771 2182 1951 2217 inscribant

80 2242 223 2289 pleniter
260 2247 293 2276 et
321 2246 488 2289 inponant.
521 2244 736 2279 Presencium
768 2245 827 2279 sub
858 2249 962 2280 nostri
993 2249 1197 2292 appensione
1227 2245 1325 2291 sigilli
1355 2248 1543 2279 testimonio
1578 2245 1773 2277 litu—rarum.
1831 2243 1949 2277 Datum

82 2302 243 2336 olomucz
282 2314 368 2337 anno
407 2305 529 2339 domini
566 2306 740 2341 millesimo
771 2310 1008 2341 trecentesimo
1039 2311 1260 2351 nonagesimo
1291 2307 1450 2341 secundo.
1489 2309 1590 2339 tercia
1629 2306 1680 2338 di«-
1712 2308 1833 2338 mensis
1862 2304 1949 2337 Julii.

393 2466 487 2506 (Orig.
513 2471 597 2505 Perg.
624 2472 673 2497 unit
697 2473 765 2499 auli.
792 2473 917 2506 rnarkgr.
944 2472 1001 2504 Sig,
1028 2472 1063 2496 liu
1089 2480 1123 2498 in.
1151 2470 1398 2496 Laudes-Archiv,
1424 2470 1486 2495 Art.
1513 2469 1585 2495 (tim.
1614 2468 1799 2494 lx'artliiiusvr,
1828 2483 1865 2485 -κ
1893 2466 1953 2492 Auf

291 2521 340 2545 der
365 2521 508 2549 Pllcatur:
544 2522 587 2547 Do
614 2524 748 2549 mandato
773 2525 878 2550 domini
906 2523 1079 2549 marchionis
1111 2523 1237 2548 decanus
1263 2522 1459 2547 Olomucensis
1487 2521 1624 2545 Andreas.
1658 2519 1723 2545 Visl.
1751 2519 1843 2545 Dobn.
1871 2519 1947 2546 Mon.

292 2572 340 2600 iv.
367 2573 436 2600 383,
463 2573 527 2600 pez.
554 2574 616 2599 cod,
642 2575 709 2608 dipl.
735 2576 772 2601 ΙΙΑ
799 2577 862 2606 93.)

1807 2755 1835 2777 ll
