2313 3090
1204 181 1276 215 166

305 291 538 322 anniversaria
568 289 677 334 plene.
707 299 768 321 ceu
798 290 1021 333 prescriptum
1044 291 1105 329 est„
1126 297 1193 320 non
1214 286 1478 329 celebrarentur„
1499 291 1577 320 tunc
1596 297 1657 320 nos
1678 297 1736 320 seu
1757 290 1870 319 rector
1891 286 1977 319 dicte
1997 285 2076 319 ville
2096 287 2175 330 ipsis

305 349 462 383 fratribus
480 349 637 394 predictis
658 352 818 394 pecunias
839 348 961 381 tamdiu
984 347 1064 381 dare
1084 358 1150 381 non
1172 347 1344 386 dehemus„
1366 348 1423 381 sed
1445 347 1518 381 aliis
1537 346 1738 393 pauperihus
1759 358 1916 391 erogare.
1938 346 2045 380 donec
2065 348 2175 379 omnia

305 413 490 456 prescripta
520 421 580 455 per
609 410 715 442 dictos
745 409 866 441 fratres
896 408 1116 441 effectualiter
1145 409 1343 454 impleantur
1373 413 1405 442 et
1434 411 1464 442 in
1495 420 1612 442 verum
1643 419 1738 442 suum
1768 412 1900 462 statum,
1931 412 2028 453 prout
2058 417 2174 452 supra-

305 470 426 504 dictum
458 475 519 505 est.
557 470 677 503 suerint
714 468 905 503 reformata.
965 468 1049 502 Sunt
1077 472 1181 502 eciam
1213 469 1365 503 homines
1394 469 1543 515 predicte
1573 469 1650 502 ville
1681 468 1908 502 Swessedlicz
1937 467 2177 502 inhabitatores

305 535 453 576 exempti
484 536 513 564 et
553 530 673 563 dehent
711 541 787 563 esse
816 532 847 563 in
879 529 1023 562 futurum
1054 528 1149 562 liberi
1179 529 1219 563 ab
1249 533 1338 563 omni
1369 530 1509 564 dacione
1539 530 1766 567 humulanum,
1796 529 1988 574 pontidium„
2019 531 2176 562 testimo-

306 592 437 625 nialium
476 602 607 624 necnon
631 593 830 624 citacionum
861 590 988 623 cudarii
1019 594 1051 623 et
1080 594 1268 633 ceterarum
1298 594 1527 636 pecuniarum*
1557 595 1654 636 prout
1684 590 1768 636 apud
1799 593 1904 635 ipsum
1935 589 2175 623 Wenceslaum

304 652 432 697 pridem
472 651 615 687 suci-unu
655 653 785 696 penitus
821 655 852 683 et
890 650 998 684 soluti.
1043 649 1084 684 Et
1118 661 1191 684 cum
1222 650 1325 684 berna
1356 652 1488 685 domino
1519 651 1703 685 marchioni
1734 651 1840 685 danda
1871 650 1981 693 fuerit,
2010 654 2093 684 tunc-
2116 649 2178 684 sibi

305 713 346 745 de
381 713 466 745 dicta
506 711 582 744 villa
614 711 841 745 Swessedlicz
871 711 979 745 solum
1010 722 1133 745 novem
1163 711 1313 745 fertones
1343 712 1412 745 dari
1443 712 1597 753 debeant,
1627 712 1760 746 residua
1792 722 1875 745 vero
1904 711 2009 745 berne
2037 714 2177 757 pecunia

306 773 393 806 dicte
432 772 510 805 ville
540 775 572 805 in
601 782 680 805 usus
711 772 856 805 ecclesie
885 777 1000 806 nostre
1029 776 1257 815 convertatur,
1288 777 1385 818 prout
1413 771 1509 806 nobis
1547 773 1664 805 melius
1703 771 1870 805 videbitur
1908 772 2079 818 expedire.
2137 771 2179 806 Et

305 837 330 866 si
363 844 518 877 umquam
548 832 697 878 predicta
729 833 806 866 villa
837 836 1055 878 impeteretur
1082 843 1144 878 pro
1174 843 1226 868 eo,
1257 833 1343 878 quod
1374 845 1411 867 ea
1442 834 1607 879 quondam
1639 834 1742 867 fuisse
1770 834 1905 867 videtur
1934 833 2058 866 domini
2088 837 2178 867 terre

305 893 553 927 marchionatus
582 892 748 933 Moravie,
780 898 857 927 tunc
885 893 1019 927 defendi
1051 892 1170 927 debeat
1200 896 1261 927 isto
1292 894 1403 931 modo.
1433 895 1519 939 qnod
1556 897 1659 927 tercia
1690 905 1767 939 pars
1788 894 1866 927 ville
1887 893 2022 927 Trssicz
2043 894 2175 927 domino

306 953 491 987 marchioni
522 954 596 987 data
627 958 677 987 est
705 965 766 999 pro
797 955 927 992 eadem„
957 959 990 987 nt
1020 954 1189 988 hereditas
1219 966 1278 1000 pro
1309 955 1505 993 hereditate„
1536 955 1628 989 velut
1649 959 1679 988 in
1701 954 1785 988 libro
1807 966 1865 989 seu
1886 958 2032 999 registro
2054 954 2177 988 domini

305 1015 457 1048 Benessii
505 1014 545 1048 de
592 1014 765 1048 Straznicz
812 1015 952 1048 lucidius
999 1018 1198 1055 continetur.
1255 1015 1324 1049 Nos
1373 1019 1482 1060 itaque
1530 1016 1686 1049 Andreas
1733 1016 1879 1050 decanus
1927 1020 1958 1049 et
2000 1015 2176 1061 capitulum

305 1075 531 1109 Olomucense
561 1076 700 1121 predicti
730 1079 893 1121 premissa
924 1079 1034 1109 omnia
1065 1081 1097 1109 et
1126 1076 1255 1121 singula
1286 1081 1356 1109 rata
1387 1076 1548 1110 habentes
1578 1081 1676 1122 atque
1705 1081 1800 1120 grata
1823 1079 1944 1110 virtute
1964 1079 2176 1122 presencium

303 1139 526 1182 promittimus
556 1147 616 1181 pro
646 1135 742 1170 nobis
772 1141 804 1170 et
832 1136 1087 1170 successoribus
1119 1140 1241 1170 nostris
1271 1149 1321 1172 ea.
1353 1142 1450 1183 prout
1470 1141 1623 1183 superins
1645 1148 1807 1183 expressa
1828 1142 1914 1180 sunt3
1941 1137 2178 1171 inviolabiliter

305 1196 493 1230 ohservare
531 1208 569 1230 ac
609 1197 684 1230 dicti
720 1197 915 1230 &venceslai
953 1201 1123 1231 testatoris
1160 1197 1367 1231 voluntatem
1398 1202 1429 1231 et
1459 1198 1709 1232 ordinacionem
1741 1199 1925 1244 predictam
1956 1198 2174 1232 effectualiter

303 1257 498 1303 adimplere.
556 1257 591 1291 In
622 1268 762 1302 quorum
793 1261 1016 1291 testimonium
1048 1262 1080 1291 et
1109 1257 1317 1291 evidenciam
1339 1258 1523 1303 pleniorem
1545 1270 1584 1291 ac
1605 1262 1800 1292 memoriani
1822 1264 2017 1304 perpetuam
2034 1259 2176 1304 sigillum

304 1322 412 1351 minus
442 1318 574 1363 capituli
604 1321 708 1352 nostri
738 1318 951 1364 presentibus
981 1323 1030 1352 est
1059 1330 1255 1364 appensum.
1314 1319 1432 1352 Datum
1465 1319 1625 1353 Oloinncz
1655 1322 1687 1353 in
1708 1320 1852 1365 capitulo
1872 1324 1987 1353 nostro
2008 1320 2068 1353 sub
2089 1331 2175 1355 anno

304 1379 427 1412 domini
467 1379 641 1412 millesimo
679 1382 917 1413 trecentesimo
957 1382 1177 1424 nonagesimo
1212 1383 1329 1413 tercio.
1370 1379 1451 1413 feria
1487 1385 1581 1413 sexta
1622 1385 1695 1426 post
1733 1381 1818 1414 diem
1850 1383 2031 1415 nativitatis
2060 1386 2176 1415 Sancte

303 1439 409 1474 Marie
439 1442 580 1484 virginis
609 1440 770 1485 (gloriose.

618 1580 709 1614 (orig.
736 1581 818 1612 Pera.
846 1581 871 1604 li.
896 1580 955 1614 Εἰς,
981 1580 1016 1605 ini
1044 1580 1167 1605 Archiv·
1193 1581 1241 1605 *les
1268 1580 1623 1607 D·uniniknnor-Klostors
1648 1581 1675 1606 in
1702 1581 1842 1615 Olini'itz)

1199 1763 1302 1798 ΠΙ.

310 1840 383 1873 Das
425 1841 599 1874 otimitzer
637 1841 775 1886 Capite!
808 1841 989 1885 beslattiyl
1034 1843 1088 1875 (lie
1130 1842 1284 1886 Stisluny
1319 1843 1413 1875 eines
1456 1842 1705 1881 Annii-emmas,
1750 1842 1875 1875 welche
1918 1842 2074 1876 Matln‘as
2117 1855 2182 1877 ron

388 1901 559 1935 Gemitu-la
591 1903 659 1935 aad
687 1904 783 1935 selue
812 1903 1028 1947 Stiefnmtler
1060 1904 1176 1947 Agnes
1206 1903 1374 1936 inm-loten.
1411 1902 1465 1935 Dr.
1500 1902 1633 1935 Olmeltz
1662 1902 1721 1936 30.
1755 1902 1959 1947 September
1992 1903 2100 1937 1393.

463 1977 550 2031 Nos
586 1997 743 2031 Andreas
782 1998 941 2032 decanus.
980 2002 1131 2032 canonici
1172 2003 1203 2032 et
1242 1998 1419 2044 capitulum
1457 1999 1600 2032 ecclesie
1645 1998 1880 2032 olomucensis
1923 2000 2180 2034 notumfacimus

307 2062 424 2091 tenore
454 2061 665 2104 presencium
698 2061 876 2102 universis7
909 2060 993 2104 quod
1026 2070 1099 2093 eum
1130 2060 1211 2093 alias
1242 2059 1282 2092 ab
1312 2059 1427 2093 illustri
1457 2062 1606 2105 principe
1628 2063 1659 2093 et
1679 2059 1812 2092 domino
1833 2060 1962 2094 Jodoco
1986 2060 2180 2095 marchione

308 2123 339 2151 et
376 2119 509 2152 domino
546 2118 701 2153 Moravie
741 2119 875 2152 domino
901 2125 1016 2153 nostro
1046 2123 1216 2163 gracioso.
1254 2120 1414 2164 legittimo
1445 2123 1629 2165 empeionis
1659 2121 1750 2153 titulo
1780 2121 1876 2154 villas
1906 2120 2120 2155 Raczlawicz
2150 2126 2182 2156 et

308 2179 489 2213 Susschiez
528 2191 588 2225 pro
628 2184 718 2213 certa
758 2183 973 2225 pecuniarum
1013 2192 1149 2214 summu¹
1179 2184 1389 2217 emissemus,
1430 2180 1550 2214 fuimus
1580 2192 1640 2226 per
1669 2181 1849 2215 discretum
1879 2185 1988 2216 virum
2011 2182 2178 2217 dominum

307 2240 463 2274 Muthiani
495 2241 661 2286 quondam
690 2240 853 2274 Johannis
883 2242 923 2274 de
963 2240 1102 2275 Gewicz
1141 2246 1173 2275 et
1216 2241 1388 2275 honestam
1434 2246 1617 2275 matronam
1663 2243 1832 2288 Agnetem
1876 2254 2059 2277 novercam
2105 2243 2181 2278 dicti

307 2302 429 2335 domini
461 2301 585 2335 Mathie
626 2306 657 2335 ct
686 2302 834 2335 relictam
866 2302 942 2335 dicti
972 2302 1146 2339 Johannis.
1177 2307 1301 2337 attente
1330 2305 1450 2347 rogati.r
1481 2307 1634 2348 quatinus
1665 2304 1702 2337 ad
1725 2303 1789 2337 hoc
1811 2309 1959 2337 nostrum
1977 2315 2178 2339 consensum

307 2362 539 2407 preberemus.
571 2363 657 2408 quod
689 2365 748 2408 ipsi
779 2374 922 2396 annuum
954 2375 1090 2397 censum
1122 2368 1198 2397 octo
1228 2375 1414 2397 marcarum
1447 2365 1925 2407 nun-aviculium.grossorum
1947 2364 2179 2399 boemicalium

308 2434 368 2468 pro
400 2435 514 2456 eornm
548 2426 699 2468 pecuniis
729 2424 887 2457 videlicet
916 2428 1046 2456 eentum
1080 2428 1111 2457 et,
1141 2424 1315 2457 duodecim
1338 2428 1460 2459 mareis
1481 2425 1739 2459 moruvicalihus
1755 2438 1951 2470 grossorum
1970 2429 2184 2472 pragensium

308 2484 530 2528 computando
548 2486 578 2516 in
597 2484 692 2517 dictis
708 2484 794 2517 villis
811 2483 962 2517 obtinere
980 2484 1132 2517 valerent
1147 2487 1176 2517 in
1190 2484 1318 2518 duobus
1336 2488 1486 2519 terminis
1502 2489 1590 2522 anni,
1608 2487 1761 2519 videlicet
1785 2492 1975 2520 sanctorum
1994 2486 2131 2532 Georgii
2153 2491 2185 2520 et

307 2542 481 2577 Michaelis
504 2544 597 2577 sestis
613 2544 752 2587 singulis
773 2547 867 2577 annis
889 2547 956 2578 vite
977 2556 1035 2577 sue
1057 2544 1261 2589 temporibus
1282 2545 1544 2588 sni›t‹=van‹11nu;
1567 2551 1638 2592 post
1660 2558 1774 2580 eorum
1796 2558 1880 2581 vero
1901 2548 2075 2582 decessum
2097 2547 2183 2593 quod

309 2603 392 2637 infra
416 2607 594 2637 nominatis
616 2608 769 2650 personis
800 2604 1011 2650 infrascripto
1042 2605 1140 2638 modo
1171 2609 1413 2651 porrigeretur.
1445 2607 1598 2641 videlicet
1631 2619 1690 2654 pro
1720 2609 1824 2642 altero
1854 2620 1969 2642 eorum
1999 2609 2183 2642 decedente

309 2676 370 2698 una
392 2676 501 2697 marea
526 2668 555 2698 in
574 2668 675 2710 ipsiusv
691 2668 924 2700 anniversario
942 2666 1123 2699 secundnm
1155 2677 1280 2699 morem
1312 2668 1455 2700 ecclesie
1486 2673 1598 2702 nostre
1629 2668 1776 2702 distribui
1808 2668 1946 2702 deberet
1975 2674 2006 2702 et
2035 2669 2186 2703 similiter
