2313 3090
1017 180 1065 214 89

990 302 1093 338 106.

451 379 570 413 Statu!
604 380 664 413 des
698 380 872 413 (llmlilzer
904 380 1060 425 Capitels
1092 391 1162 413 rom
1193 379 1253 414 30.
1285 379 1490 424 September
1522 378 1630 413 1392.

264 457 382 511 Anno
412 477 536 510 domini
564 475 885 510 MCCCLXXXXII
916 479 946 510 in
977 482 1091 510 nostro
1121 476 1272 522 generali
1312 477 1468 522 capitulo.
1507 476 1593 522 quod
1623 475 1916 511 celebratuin.l11it
1946 479 1977 509 in

104 537 192 573 festo
229 541 335 572 sancti
369 537 533 572 ,leronimi
569 548 643 570 cum
684 540 933 571 continuatione
972 538 1158 583 aliquorum
1198 538 1325 571 dierum
1365 540 1574 583 sequentium
1604 541 1760 571 statutum
1791 541 1853 579 est,
1892 537 1979 582 quod

104 598 224 633 festum
254 599 412 633 natalium
443 603 634 632 sanctorum
665 597 753 632 Petri
783 604 813 632 et
844 598 933 633 Pauli
963 601 1149 645 principum
1179 599 1407 644 apostolorum
1429 599 1588 644 deinceps
1609 597 1729 631 debeat
1749 597 1979 643 sollempniter

105 659 271 694 celebrari
299 671 373 693 cum
405 662 518 705 cappis
547 664 645 706 prout
674 659 736 693 alia
767 660 850 693 festa
882 660 1080 706 cappalium.

261 720 344 754 Item
383 723 415 754 in
454 719 584 766 prefato
623 720 766 766 capitulo
803 725 958 754 statutum
995 723 1119 754 existit.
1159 720 1247 765 quod
1285 720 1545 754 obedientiarius
1574 731 1695 766 panum
1726 730 1786 765 pro
1825 719 1978 753 omnibus

103 784 254 826 pecuniis
283 785 316 815 et
344 780 512 825 censibus7
544 784 598 827 qui
619 785 651 815 et
681 792 744 826 que
774 785 941 827 pertinent
971 782 1009 815 ud
1040 791 1196 825 magnam
1227 780 1451 815 obedientiam
1482 786 1513 814 et
1542 781 1607 814 XX
1638 783 1771 823 marcis‚
1803 792 1867 826 que
1888 791 1977 814 con-

104 841 267 875 ceduntur
296 841 336 875 de
366 841 664 883 distributionibus„
696 853 810 875 emere
828 841 946 876 delicat
976 853 1126 876 annonas
1156 842 1196 876 ad
1226 854 1330 888 panes
1359 842 1444 876 infra
1474 842 1595 876 festum
1626 844 1730 876 sancti
1759 841 1976 875 VVenczeslai

103 907 136 936 et
164 901 285 936 festum
315 905 496 936 nativitatis
527 902 650 936 domini
679 906 783 936 nostri
812 903 893 936 Jesu
915 901 1048 936 Christi.
1080 902 1176 944 Quod
1200 906 1227 937 si
1248 903 1312 937 hoc
1332 903 1523 947 neglexerit
1543 908 1574 936 et
1594 908 1712 949 postea
1733 905 1765 936 in
1785 905 1974 948 pretiosiori

102 962 176 997 foro
211 966 472 1009 comparaverit.
511 974 608 1009 quam
639 967 827 1009 comparari
862 968 1016 1009 poterant
1044 964 1129 997 infra
1169 969 1298 1010 tempus
1335 965 1531 1010 predictum.
1571 964 1635 997 hoc
1673 963 1805 997 debebit
1839 974 1915 997 esse
1945 965 1977 996 in

101 1024 321 1070 preiudicium
338 1023 570 1058 obedientiarii
600 1029 631 1058 et
660 1035 727 1058 non
757 1025 891 1070 capituli
920 1035 982 1058 nec
1008 1036 1228 1070 personarum
1251 1025 1399 1058 aliarum.
1432 1024 1575 1058 Debebit
1595 1027 1693 1058 etiam
1715 1024 1974 1058 obedientiarius

101 1087 220 1130 viginti
262 1095 405 1127 marcas,
451 1095 516 1130 que
559 1084 790 1118 conceduntur
833 1085 874 1118 de
917 1085 1202 1119 distributionibus
1245 1085 1285 1119 ad
1328 1096 1432 1131 panes
1475 1096 1643 1131 reponere
1683 1084 1743 1118 sub
1781 1089 1903 1118 statuto
1933 1085 1973 1118 ad

101 1147 288 1179 sacristiam
319 1145 358 1178 ad
389 1144 640 1179 distributiones
669 1146 912 1180 continuandas
942 1151 1018 1180 ante
1047 1147 1168 1181 festum
1199 1150 1304 1180 sancti
1333 1146 1496 1180 Johannis
1526 1145 1686 1191 Baptiste.

256 1205 338 1240 Item
368 1208 401 1239 in
430 1205 561 1251 prefato
590 1207 743 1251 generali
774 1207 917 1253 capitulo
948 1208 987 1241 ad
1018 1212 1138 1241 statuta
1163 1207 1203 1241 de
1233 1207 1390 1253 collapsis
1412 1206 1550 1241 edificiis
1570 1206 1800 1240 restaurandis
1821 1209 1852 1240 in
1874 1210 1974 1241 curiis

99 1265 340 1301 beneficiorum
371 1272 403 1301 et
433 1266 699 1301 obedientiarum
729 1268 873 1301 ecclesie
900 1268 1134 1302 Olomucensis
1163 1273 1319 1302 statutum
1350 1272 1382 1301 et
1410 1267 1555 1301 additum
1586 1271 1647 1303 est.
1679 1267 1764 1312 quod
1796 1278 1976 1301 successor

100 1327 196 1361 illius.
227 1330 282 1373 qui
302 1327 432 1362 dimittit
452 1328 599 1375 collapsa
621 1328 761 1369 edificia,
792 1334 966 1374 postquam
988 1329 1128 1375 adeptus
1150 1329 1247 1362 fuerit
1268 1330 1531 1374 possessionem,
1562 1328 1647 1362 infra
1670 1340 1818 1362 mensem
1841 1327 1974 1362 debebit

99 1399 271 1434 apponere
313 1388 519 1434 diligentiam
562 1400 668 1431 suam‚
712 1389 799 1434 quod
838 1390 878 1423 de
916 1389 1017 1423 rebus
1055 1390 1310 1435 predecessoris
1347 1389 1575 1423 reformentur
1608 1388 1737 1423 edificia
1774 1389 1814 1422 ad
1853 1393 1972 1422 statum

100 1448 257 1492 debitum
287 1453 385 1495 prout
413 1452 525 1496 priora
556 1453 745 1495 exprimunt
776 1454 908 1484 stzhituti
939 1451 1067 1484 scilicet
1087 1451 1295 1484 sollicitando
1322 1455 1353 1484 et
1374 1450 1572 1484 arrestando
1593 1453 1681 1484 circa
1704 1452 1973 1483 testamentarios

99 1509 156 1544 vel
184 1509 266 1544 alios
295 1521 513 1556 quoscunque
541 1522 597 1544 res
627 1510 786 1544 defuncti.
819 1511 913 1552 Quod
936 1515 961 1545 si
992 1511 1055 1545 hoc
1077 1522 1143 1545 non
1164 1511 1283 1545 fecerit
1304 1516 1336 1545 et
1355 1511 1532 1556 negligens
1553 1511 1664 1546 fuerit.
1695 1514 1765 1556 ipse
1795 1522 1974 1544 successor

99 1569 229 1605 edifitiia
259 1576 452 1605 restaurare
482 1571 649 1605 tenebitur
679 1575 747 1606 suis
776 1575 922 1618 propriis
952 1572 1135 1614 laboribus
1164 1571 1349 1618 supmtibus
1379 1576 1410 1605 et
1440 1575 1610 1618 expensis.

412 1676 484 1710 (Aua
509 1677 571 1702 dem
597 1677 694 1703 Codex
720 1677 752 1704 E.
778 1677 801 1705 1,
828 1678 867 1702 40
893 1677 942 1702 des
968 1677 1042 1704 (itm.
1068 1677 1151 1706 Motr,
1176 1677 1249 1710 Cap,
1275 1676 1439 1705 Archives.)

988 1823 1090 1858 107.

99 1899 167 1934 Jan
197 1900 338 1935 Baldala·
359 1901 645 1946 Hofdienstmann
675 1903 734 1936 des
764 1901 993 1946 Markyrafen
1022 1902 1135 1935 Jodoh·
1165 1902 1233 1935 mni
1261 1904 1356 1935 seine
1385 1902 1480 1935 Fran
1508 1901 1614 1945 {sebon
1643 1902 1714 1934 dem
1747 1900 1882 1934 Brnder
1911 1901 1970 1934 des

99 1973 126 1995 s.
152 1961 450 2016 Tkomasklosters
470 1964 505 1996 in
526 1962 659 2007 Brmm,
681 1963 809 2000 Frank,
829 1965 888 2008 [ην
909 1965 981 1996 sein
1004 1963 1210 1996 rates-licha
1231 1962 1392 1996 Erbthee'l
1409 1964 1493 2006 fimf
1509 1974 1569 1995 ror
1590 1963 1662 1995 dem
1684 1961 1969 1995 Frohliehertkor

554 2024 720 2067 ,qeleqene
741 2024 891 2058 Hans-er.
925 2023 982 2058 Dt.
1016 2023 1074 2058 16.
1110 2022 1260 2057 October
1291 2022 1401 2056 1392.
1432 2035 1460 2057 s.
1491 2023 1511 2056 l.

256 2098 322 2153 'ch
351 2118 413 2153 Jan
434 2118 561 2153 Baldak
591 2121 644 2154 die
673 2124 739 2154 zeit
768 2121 828 2155 des
857 2120 1079 2165 hochgeborn
1110 2120 1239 2154 stirsten
1261 2131 1465 2165 inargraven
1494 2119 1585 2153 Josts
1615 2119 1827 2164 bofgesinde.
1859 2118 1970 2152 Kuni-

98 2179 233 2223 gunden
269 2182 342 2213 sein
381 2179 539 2214 haussrau
579 2180 756 2215 bekennen
796 2181 950 2215 offcnlich
982 2185 1039 2215 mit
1068 2182 1193 2215 diesem
1224 2181 1342 2215 brieve
1372 2181 1458 2214 allen
1489 2181 1565 2215 den.
1605 2181 1657 2214 die
1688 2192 1733 2226 yn
1762 2179 1868 2214 seben
1898 2179 1970 2213 odir

98 2239 205 2273 boren
239 2240 345 2283 lesen,
385 2241 443 2274 das
474 2245 537 2275 wir
566 2245 623 2276 mit
650 2247 772 2288 guetcr
802 2242 961 2277 vornunft
999 2242 1061 2276 und
1103 2245 1157 2275 mit
1187 2241 1388 2275 bedaclitem
1424 2246 1512 2275 mute
1542 2242 1607 2275 und
1636 2241 1748 2275 willen
1779 2240 1875 2274 recht
1904 2240 1968 2273 und

98 2299 270 2334 redlichen
301 2301 375 2334 dem
401 2301 625 2347 andachtigen
655 2303 757 2337 herrn
779 2304 901 2337 herren
923 2303 1081 2337 Frankcn
1101 2303 1225 2337 hruder
1250 2303 1308 2336 des
1329 2303 1475 2337 klosters
1496 2303 1577 2336 saud
1598 2302 1751 2335 Tboman
1772 2313 1812 2335 zu
1832 2300 1969 2334 Briinne

98 2359 151 2394 fiir
189 2363 260 2394 sein
300 2362 452 2395 vetirlicli
483 2362 563 2396 erbe
602 2364 712 2409 geben
743 2365 806 2398 und
837 2368 1025 2410 zuuigenen
1056 2364 1119 2398 und
1150 2364 1224 2398 dem
1263 2375 1394 2407 ganzen
1431 2367 1578 2397 convent
1615 2362 1793 2396 desselben
1824 2361 1969 2396 klosters

98 2423 190 2455 unsir
219 2420 293 2455 stinf
318 2421 432 2455 hausir
462 2426 518 2456 mit
547 2426 620 2457 vier
650 2425 714 2458 und
744 2425 961 2469 siebenzigen
992 2436 1136 2469 grossen
1166 2425 1230 2458 und
1262 2424 1421 2458 vierzebn
1451 2424 1559 2458 liiiner
1589 2423 1752 2467 jcrlicbes
1782 2422 1968 2465 erbzinses,

98 2481 150 2514 die
179 2480 239 2514 aus
264 2481 458 2516 demselben
489 2483 602 2517 liausir
631 2485 702 2518 sind
734 2486 798 2519 und
828 2486 880 2519 die
910 2487 1057 2531 gelegen
1088 2489 1159 2520 scin
1180 2484 1514 2519 vor1⁴¹rolicl1erthor
1543 2495 1595 2517 ain
1624 2484 1713 2517 ende
1742 2484 1802 2516 ‹ler
1830 2494 1968 2528 gassen,

97 2541 150 2575 die
179 2547 327 2587 genannt
357 2545 395 2576 ist
426 2542 645 2578 Dtirneustift.
689 2545 859 2579 erblichen
891 2559 931 2580 zu
961 2546 1126 2581 belialden
1157 2548 1231 2580 dein
1262 2550 1519 2589 vorgenannteu
1548 2544 1703 2578 Franken
1733 2547 1805 2577 sein
1834 2543 1968 2587 lebtage

96 2602 162 2636 und
192 2602 276 2636 nach
308 2606 389 2636 seim
421 2604 496 2637 totle
526 2604 599 2637 (lem
642 2604 791 2639 konvent
822 2618 861 2639 zu
897 2607 1075 2649 behaldein
1115 2620 1153 2641 zu
1191 2606 1392 2640 vorkausen.
1433 2610 1611 2639 vorsetzcn
1648 2605 1721 2638 odir
1745 2603 1966 2639 vcrwechlen

96 2663 162 2697 und
192 2666 264 2697 iren
294 2663 413 2698 frumm
445 2664 543 2698 damit
574 2665 714 2699 schafen
745 2667 830 2700 nach
861 2668 902 2701 all
931 2671 1011 2701 irem
1044 2669 1156 2702 willen
1187 2671 1241 2701 mit
1272 2668 1356 2700 allen
1389 2670 1461 2700 iren
1490 2671 1622 2701 nutzen.
1662 2665 1813 2708 recbtem
1855 2676 1966 2709 zuge-

1764 2727 1800 2752 12
