2313 3090
0 546 7 562 v-
0 463 5 498 -.-

1050 208 1120 242 401

151 318 303 361 negociis
332 317 573 361 premissorum
603 317 801 348 execucioni
831 314 870 347 ad
900 316 1159 359 rcquisicionem
1189 313 1350 347 dictorum
1381 313 1519 347 fratrum
1550 313 1724 346 intendere
1745 322 1811 345 non
1831 322 2019 357 possumus.

148 381 183 411 111
219 376 397 419 vellemus,
441 375 584 420 ideoque
626 374 722 408 vobis
759 375 902 409 dominis
939 374 1137 420 supradictis
1167 373 1329 408 ambobus
1359 377 1450 408 vices
1480 378 1612 407 nostras
1642 376 1673 406 in
1703 372 1765 406 1130
1795 377 1889 417 parte
1921 383 2021 405 00111-

150 440 308 471 mittimus
342 448 403 483 per
440 441 630 482 presentes.
675 436 781 469 donec
821 448 878 469 eas
907 436 947 469 ad
978 447 1038 469 nos
1068 436 1262 469 duxerimus
1291 435 1513 469 revocandas.
1572 434 1617 468 Ita
1648 433 1818 475 videlicet,
1863 438 1894 465 ut
1925 432 2021 466 dictis

151 497 308 532 fratribus
338 497 486 531 efficacis
516 496 721 530 defensionis
752 497 897 542 presidio
927 499 1124 530 assistentes
1153 507 1221 530 non
1249 499 1459 541 permittatis,
1489 506 1548 529 eos
1579 500 1694 529 contra
1725 499 1878 528 tenorem
1907 496 2020 539 privi-

149 559 314 604 legiorum
359 561 507 604 ipsorum
550 569 567 590 3
603 557 855 603 quibuscunque
893 557 1075 600 molestari,
1118 568 1181 591 nec
1219 560 1267 590 eis
1308 557 1416 602 aliqua
1451 559 1650 601 gravamina
1688 567 1748 589 seu
1785 555 1926 600 dampna
1965 554 2019 588 vel

149 622 287 653 iniurias
315 621 473 664 irrogari,
503 618 665 652 facientes
695 618 789 651 dictis
819 617 976 651 fratribus
1006 618 1046 651 de
1075 618 1171 651 illatis
1200 621 1339 651 iniuriis.
1370 616 1664 651 molestacionibus
1694 621 1726 650 et
1765 615 2018 661 gravaminibus

151 684 266 714 contra
305 684 456 714 tenorem
496 678 637 712 eundem
678 682 708 712 in
746 679 806 712 illis
844 679 1012 712 videlicet.
1055 690 1119 724 que
1153 678 1347 723 judicialem
1384 681 1557 724 requirunt
1587 677 1790 722 indaginem,
1834 687 1892 722 per
1930 678 2019 709 viam

145 740 275 785 judicii,
318 743 351 774 in
389 740 461 774 aliis
498 750 582 773 vero
620 744 715 785 prout
756 739 895 784 qualitas
930 743 1077 785 ipsorum
1117 742 1261 785 exigerit
1299 741 1434 784 justicie
1463 739 1755 784 complementum.
1812 737 1849 770 In
1878 747 2018 782 quorum

151 804 299 837 omnium
337 803 561 835 testimonium
601 804 633 833 et
670 799 768 834 fidem
807 805 982 846 presentes
1018 805 1151 834 nostras
1180 800 1292 834 literas
1321 811 1382 846 per
1410 799 1623 833 Dominicum
1652 801 1819 832 0013111110
1849 797 2017 843 publicum

148 863 398 909 infrascriptum
426 861 527 896 scribi
556 866 587 895 et
616 860 777 907 publicari
808 861 1039 894 mandavimus
1069 864 1206 906 eiusque
1236 864 1333 905 signo
1363 864 1393 894 et
1422 863 1556 894 nomine
1585 859 1690 893 solitis
1720 870 1863 893 unacum
1885 869 2020 904 appen-

147 927 243 959 sione
270 923 455 969 sigillorum
485 927 675 957 nostrorum
702 923 864 966 jussimus
894 924 1102 955 communiri.
1133 922 1220 955 Acta
1250 925 1325 954 sunt
1345 920 1408 954 hec
1428 924 1460 954 in
1481 925 1593 954 castro
1615 924 1729 953 nostro
1752 918 1904 965 Squorcz
1927 930 2015 952 anno

151 984 274 1019 domini
312 984 487 1018 millesimo
524 985 762 1017 trecentesimo
801 985 1022 1027 nonagesimo
1058 985 1212 1028 septimo,
1254 982 1442 1016 indiccione
1473 985 1596 1027 quinta.
1642 981 1694 1014 die
1724 978 1904 1014 XXV11.*›
1934 979 2017 1013 hora

152 1045 363 1091 completorii
400 1045 456 1078 vel
494 1047 600 1090 quasi.
639 1043 849 1090 pontificatus
879 1046 1079 1077 sanctissimi
1116 1046 1147 1076 in
1177 1042 1309 1077 Christo
1348 1046 1450 1089 patris
1489 1047 1521 1076 et
1550 1042 1673 1076 domini
1703 1041 1827 1075 domini
1856 1040 2020 1074 Bonifacii

149 1106 262 1141 divina
289 1105 510 1151 providencia
539 1116 624 1151 pape
655 1107 732 1138 noni
762 1115 848 1137 anno
878 1108 1012 1137 octavo.
1055 1103 1270 1138 Presentibus
1299 1103 1549 1138 venerabilibus
1579 1105 1661 1136 viris
1692 1102 1834 1135 dominis
1863 1101 2018 1135 Johanne

149 1166 236 1202 Kbel
265 1166 478 1201 decretorum
508 1166 638 1199 doctori
667 1168 759 1199 curie
788 1170 902 1198 nostre
931 1168 1108 1211 pragensis
1137 1164 1282 1207 officiali,
1325 1164 1466 1199 Nicolao
1495 1163 1646 1197 Puchnik
1674 1163 1852 1197 licenciato
1882 1165 1913 1195 in
1943 1164 2018 1195 eis-

150 1228 226 1263 dem
264 1227 410 1262 decretis
444 1231 561 1261 1105110
596 1229 628 1260 10
668 1225 893 1272 spiritualibus
928 1229 1056 1259 vicario
1095 1226 1259 1270 generali,
1296 1225 1502 1259 lVenceslao
1533 1227 1702 1270 preposito
1733 1223 1877 1257 ecclesie
1906 1221 2014 1256 Miss-

148 1292 275 1334 nensis‚
318 1288 421 1323 nobili
457 1288 612 1323 Johanne
650 1288 691 1322 de
727 1288 900 1321 &Vlassiuh
944 1286 1098 1321 Johanne
1133 1286 1258 1320 clerico
1296 1287 1337 1321 de
1366 1286 1473 1331 Praga
1503 1288 1591 1319 circa
1622 1287 1785 1331 premissa
1815 1283 1952 1318 testibus
1983 1287 2015 1316 et

150 1351 223 1385 aliis
251 1349 400 1396 pluribus
430 1348 619 1394 fidedignis.

280 1410 347 1445 ‘Et
385 1421 452 1456 ego
490 1410 687 1444 Dominicus
723 1410 889 1455 quondam
929 1409 1059 1443 Nicolai
1096 1409 1136 1442 de
1173 1408 1344 1451 30111νο157
1375 1408 1519 1441 01011005
1550 1417 1688 1452 pragen.
1720 1405 1820 1447 dioc.‚
1850 1404 2013 1450 imperiali

149 1475 350 1507 auctoritate
378 1471 530 1518 publicus
558 1474 710 1506 notarius
739 1475 803 1505 etc.

461 1586 506 1620 (In
532 1586 632 1612 dorso:
658 1586 742 1611 Anno
767 1585 874 1611 XCIX.
892 1585 987 1610 oblat-a
1013 1593 1063 1618 per
1086 1583 1160 1608 dom.
1187 1583 1308 1616 priorem
1333 1581 1580 1607 carthusiensium
1605 1581 1633 1606 10
1650 1580 1733 1606 stuba
1752 1580 1858 1605 domini
1876 1579 2019 1613 prepositi

357 1638 403 1664 die
426 1638 478 1666 VI.
513 1638 619 1664 mensis
644 1638 791 1663 Februarii
817 1637 886 1662 bora
912 1644 1093 1670 vesperorum
1118 1635 1298 1669 presentibus
1322 1634 1456 1661 Johanne
1480 1633 1604 1660 Selialda
1629 1632 1751 1667 plebano
1776 1632 1804 1657 iu
1830 1631 1966 1657 Pozoricz
1991 1634 2018 1656 et

356 1690 491 1717 Johanne
516 1711 522 1715 .
547 1710 553 1715 .
580 1710 585 1715 .
611 1710 616 1715 .
641 1706 681 1709 ——
707 1690 787 1722 Orig.
814 1690 895 1720 perf-r.
921 1689 946 1715 11.
974 1688 1031 1721 Sig.
1056 1687 1223 1721 abgerissen
1248 1687 1285 1711 im
1310 1686 1434 1711 Archive
1459 1686 1509 1711 des
1533 1684 1634 1711 Stiftes
1659 1684 1810 1718 Raigern.)

1029 1843 1135 1878 445.

150 1922 219 1957 Die
248 1921 354 1957 Stadt
373 1922 610 1957 Neutt'tsclzee'n
640 1922 753 1957 leislet
781 1924 813 1956 in
846 1922 925 1957 100
956 1920 1057 1955 Marlz·
1088 1919 1263 1953 Groschetz
1291 1919 1506 1963 Botrys-cleas!
1531 1921 1591 1963 fiir
1622 1917 1736 1951 Las-elz·
1767 1928 1830 1951 ron
1850 1917 2014 1950 [ἰν-(1111111.

803 1982 860 2017 Dt.
893 1981 1130 2016 Xeutitschein
1162 1979 1273 2014 1397.
1304 1992 1330 2013 s.
1363 1980 1394 2013 d.

303 2059 393 2114 Nos
431 2080 588 2114 consules
621 2081 724 2124 jurati
762 2084 897 2125 totaque
937 2081 1156 2112 communitas
1186 2079 1329 2110 civitatis
1358 2075 1559 2109 Novoticzin
1588 2086 1718 2109 necnon
1750 2085 1814 2119 ego
1845 2073 2016 2107 Arnoldus

148 2140 189 2175 de
225 2139 320 2174 Zelin
359 2144 393 2174 et·
427 2139 623 2174 Jaroschius
661 2141 702 2174 de
738 2139 1005 2174 Bernhartsdorf
1045 2144 1075 2172 et
1104 2137 1262 2172 Nicolaus
1292 2138 1332 2171 de
1362 2136 1509 2183 Rybnyk
1539 2139 1670 2170 51000111
1701 2135 1765 2169 fide
1795 2137 2017 2181 promittimus

147 2203 220 2236 sine
255 2200 345 2245 dolo,
387 2202 566 2245 conjuncta
605 2212 702 2235 manu
741 2206 774 2235 et
802 2201 968 2235 indivisim
999 2199 1140 2246 provido
1170 2201 1243 2231 viro
1273 2197 1397 2231 Luther
1426 2197 1466 2231 de
1496 2197 1632 2240 Lucam
1674 2196 1802 2230 Mixoni
1832 2195 1926 2229 fratri
1956 2205 2016 2228 suo

147 2261 284 2296 ibidem·
306 2264 450 2295 moranti
485 2266 516 2296 et
552 2262 708 2296 Hankoni
746 2263 787 2296 dc
816 2262 1050 2308 VVeyslawicz
1081 2265 1112 2293 et
1142 2270 1257 2293 eorum
1287 2258 1467 2292 heredibus
1497 2262 1628 2291 centum
1660 2268 1790 2291 marcas
1818 2266 2016 2301 grossorum

146 2325 364 2370 pragensium
396 2326 558 2357 moravici
587 2326 716 2357 numeri
739 2328 772 2356 et.
800 2325 1003 2369 pagamenti,
1034 2320 1138 2355 nobili
1163 2324 1238 2354 viro
1269 2320 1402 2353 domino
1424 2317 1590 2352 Laczkoni
1612 2328 1805 2351 concessas.
1828 2316 1866 2350 ad
1890 2319 2016 2349 instans

147 2383 269 2418 festum
297 2388 414 2418 sancte
443 2387 625 2418 nativitatis
653 2384 761 2418 Marie
790 2386 932 2428 virginis
961 2383 1139 2416 soluturas.
1172 2380 1268 2422 Quod
1298 2383 1324 2413 si
1354 2382 1495 2425 pecunia
1525 2379 1563 2411 ad
1595 2378 1680 2411 idem
1703 2377 1822 2411 festum
1843 2376 2015 2423 persoluta

147 2455 214 2479 non
244 2443 355 2486 fuerit,
403 2448 527 2478 extunc
557 2444 621 2478 duo
651 2456 695 2478 ex
724 2444 864 2478 consilio
894 2448 1009 2477 nostro
1039 2445 1210 2476 ammoniti
1239 2439 1453 2487 presentibus
1484 2444 1513 2472 et
1544 2441 1693 2484 requisiti
1725 2437 1859 2483 quilibet
1890 2448 1950 2482 per
1980 2447 2017 2469 sc

149 2516 224 2539 cum
261 2504 405 2538 honesto
435 2503 558 2537 famulo
589 2507 620 2538 in
650 2507 755 2550 ipsam
786 2507 957 2538 civitatem
988 2503 1137 2549 Tropaw
1166 2502 1205 2536 ad
1236 2500 1450 2548 prestandum
1481 2499 1671 2543 obstantum
1702 2502 1898 2531 consuetum
1930 2496 2015 2542 apud

147 2565 337 2608 1100051001τ
377 2576 474 2610 quem
513 2567 592 2610 ipsis
631 2565 922 2607 demonstravero„
964 2564 1129 2610 hospitem
1169 2562 1336 2608 proficisci
1369 2559 1569 2594 tenebuntur
1595 2564 1625 2592 et
1654 2558 1772 2605 prefati
1805 2556 1940 2591 obsides
1975 2556 2016 2590 de

303 2697 334 2731 ³4)
361 2697 419 2721 Der
445 2697 543 2721 >liniat
568 2696 605 2722 ist
631 2696 666 2720 ini
692 2696 770 2729 (lrig.
797 2696 875 2721 nicht
900 2695 1079 2729 :ingr-geben.

1865 2741 1901 2765 51
