2313 3090
1207 183 1279 216 124

310 291 558 334 possessionem
588 293 619 321 et
648 291 878 334 percepcionis
910 288 1088 320 dominium
1119 289 1263 320 omnium
1295 286 1511 330 decimarum,
1542 287 1674 332 frugum
1704 290 1979 333 perveniencium
2010 288 2050 321 de
2083 299 2173 333 quo-

310 361 440 394 cunque
469 360 596 393 genere
626 349 866 382 frumentorum
897 351 926 380 in
958 350 1102 392 quinque
1131 347 1218 381 villis
1248 346 1481 383 Crewczdorf.
1516 347 1700 391 Bobdalau,
1729 347 1937 391 Morawska„
1977 347 2105 382 Cossan
2143 353 2176 382 et

308 409 513 443 Illiraschaw
551 414 614 442 ete.
651 409 744 442 dictis
775 408 918 441 diocesis
957 407 1190 441 Olomucensis
1227 407 1417 453 supradicte
1447 408 1695 453 possidenduim
1735 408 1926 451 tenendum,
1956 409 2174 452 servandum,

310 470 557 515 exponendum.
588 468 783 513 regendum.
814 467 1080 511 gubernandum,
1109 468 1359 513 percipiendum
1387 469 1483 512 juxta
1522 472 1668 514 ipsorum
1698 470 1878 503 voluntatis
1916 468 2173 515 beneplacitum,

311 535 409 575 atque
447 530 519 563 fore
555 534 584 562 et
621 540 695 562 esse
725 539 762 561 ac
788 527 912 560 debere
942 527 982 560 de
1002 531 1150 573 presenti
1179 529 1355 572 introduci,
1385 532 1582 563 auctoritate
1612 533 1867 564 conservatoria
1897 530 2046 575 predicta
2076 534 2106 563 et
2136 529 2176 564 ad

313 594 561 636 possessionem
600 593 791 634 perpetuam
831 592 861 621 et
902 588 1110 634 corporalem
1150 599 1189 622 ac
1226 592 1485 634 percepcionem
1525 589 1728 624 decimarum
1768 590 1899 635 frugum
1939 590 2175 636 predictarum.

314 651 395 684 Item
425 651 572 696 predicta
603 652 800 682 anctoritate
828 648 1009 694 apostolica
1049 649 1231 694 dignemini
1261 650 1446 683 decernere
1476 654 1508 684 et
1546 650 1719 684 declarare
1756 654 1894 685 racione
1932 655 1965 684 et
1999 653 2178 686 occasione

314 714 504 744 iniuriarum
535 715 565 743 et
596 710 689 755 spolii
720 709 906 743 huiusmodi
936 709 1086 755 predicto
1115 713 1240 743 rectori
1268 713 1300 743 in
1329 710 1468 744 Krisans
1498 715 1531 744 et
1559 722 1618 757 per
1647 722 1858 756 consequens
1888 711 2043 756 hospitali
2072 713 2178 745 sanct-i

312 774 444 817 spiritus
481 770 659 815 supradicti
694 769 837 815 plebano
874 775 904 803 et
939 773 1041 816 ipsius
1064 770 1278 816 pauperibus,
1315 770 1525 816 supradictos
1560 771 1720 816 plebanos
1750 771 1947 815 Bobdalum,
1975 771 2177 814 Jankonem,

311 832 531 866 llIichalielem
564 836 594 864 et
625 830 809 876 Georgium
839 831 1044 865 decimarum
1074 832 1275 878 spoliatores
1304 831 1479 875 factarum,
1510 831 1731 865 exhibitarum
1762 836 1794 865 et
1823 832 1863 866 de
1884 832 1972 866 facto
1993 836 2178 878 attempta—

313 898 417 925 tarum
458 892 606 936 legitime
642 891 745 925 fuisse
780 892 1045 938 condempnatos
1081 895 1190 926 animo
1226 891 1403 937 injuriandi
1434 896 1466 925 et
1495 891 1619 925 debere
1657 892 1895 937 condempnari
1929 892 2179 926 sentencialiter

313 957 341 986 in
383 953 534 986 ducentis
572 954 694 985 marcis
732 955 804 998 puri
841 956 973 998 argenti
1004 955 1085 998 justi
1122 956 1195 987 sive
1224 953 1301 987 boni
1336 957 1368 987 et
1396 953 1514 997 legalis
1543 952 1712 998 ponderis,
1743 955 1900 998 ipsosque
1929 953 2179 999 compellendos

313 1014 385 1046 fore
422 1012 582 1058 plebanos
620 1013 829 1058 supradictos
865 1018 896 1046 et
932 1013 1086 1060 compelli
1124 1013 1248 1047 debere
1286 1016 1482 1048 auctoritate
1511 1013 1661 1059 predicta
1691 1013 1730 1046 ad
1760 1012 1942 1058 plenariam
1972 1013 2178 1047 solucionem

312 1074 534 1119 predictarum
566 1073 781 1106 ducentarum
813 1085 1000 1108 marcarum
1031 1078 1103 1120 puri
1124 1078 1255 1119 argenti
1276 1080 1509 1121 perceptarum
1531 1087 1663 1121 quoque
1685 1080 1715 1110 et
1737 1075 1951 1121 spoliatarum
1973 1075 2178 1110 decimarum

311 1145 369 1167 seu
399 1134 525 1167 valoris
555 1145 681 1177 earum,
712 1134 869 1167 videlieet
899 1135 1118 1180 quadraginta
1149 1146 1335 1169 marearum
1367 1147 1564 1181 grossorum
1594 1139 1810 1182 pragensium
1840 1139 2002 1170 moravici
2035 1139 2178 1180 numeri,

311 1199 343 1227 ut
372 1194 552 1240 prefertur.
583 1193 701 1240 prefati
732 1198 874 1228 rectoris
903 1198 935 1228 in
965 1194 1104 1229 Krisans
1134 1200 1187 1229 aut
1218 1195 1390 1242 hospitalis
1418 1208 1601 1243 pauperum
1623 1197 1815 1242 supradicti,
1845 1208 1910 1230 una
1931 1208 2004 1231 cum
2025 1196 2179 1232 omnibus

312 1255 474 1300 dampnis,
514 1258 672 1300 expensis
703 1260 735 1288 et.
762 1258 940 1289 interesse.
970 1255 1213 1291 Niehilominus
1243 1260 1440 1291 auctoritate
1468 1258 1616 1303 predicta
1647 1260 1903 1291 conservatoria
1933 1257 2118 1291 decernere
2147 1262 2180 1292 et

311 1315 484 1349 declarare
522 1316 632 1349 velitis
671 1327 715 1349 ex
753 1327 853 1350 cansa
884 1321 916 1350 et
953 1320 1090 1350 racione
1120 1317 1307 1351 huiusmodi
1337 1318 1431 1363 spolii
1460 1321 1642 1363 perpetrati
1671 1322 1703 1351 et.
1732 1318 1772 1352 de
1802 1317 1890 1352 facto
1920 1321 2090 1352 commissi
2118 1329 2179 1364 per

310 1376 479 1421 predictos
509 1376 707 1422 spoliatores
738 1382 853 1411 contra
884 1380 1123 1412 immunitatem
1155 1383 1185 1412 et
1215 1379 1458 1424 privilegialem
1488 1381 1637 1423 graciam
1669 1383 1700 1412 et
1729 1378 1818 1413 sedis
1847 1379 2031 1424 apostolice
2055 1374 2178 1413 indulta

311 1437 491 1482 supradicti
521 1437 658 1471 ordinis.
689 1442 863 1471 annotatas
893 1443 1005 1484 partes
1035 1439 1190 1472 videlicet
1220 1439 1417 1480 Bohdalum„
1454 1439 1653 1482 Janlionenn
1679 1438 1863 1484 Georgium
1893 1444 1923 1473 et
1953 1439 2177 1473 Michahelem

312 1497 529 1531 ecclesiarum
560 1502 723 1531 rectores.
755 1498 872 1543 quibus
902 1510 1013 1544 supra,
1044 1500 1165 1533 dudum
1191 1504 1353 1533 canonice
1374 1500 1531 1533 incidisse
1552 1504 1582 1533 et
1604 1499 1729 1533 debere
1758 1500 1857 1533 incidi
1886 1500 2020 1534 inlatas
2041 1503 2179 1535 canonis

311 1561 513 1592 sentencias.
552 1568 612 1602 per
650 1558 816 1592 dominum
841 1558 1025 1605 Rupertum
1061 1560 1136 1593 olim
1175 1560 1389 1594 diocesannm
1427 1563 1619 1606 episcopum
1657 1559 1916 1594 olomucensem
1955 1565 1988 1594 et
2016 1560 2180 1594 ‘romanos

312 1618 484 1664 pontifices
513 1619 696 1663 apostolice
726 1620 815 1653 sedis
836 1623 866 1653 in
896 1620 979 1653 tales
1009 1620 1208 1666 spoliatores
1230 1621 1349 1655 dudum
1376 1621 1565 1654 fulminatas
1595 1625 1626 1653 et
1646 1620 1686 1654 ab
1707 1621 1772 1654 hoc
1791 1621 1960 1666 predictos
1980 1621 2180 1667 spoliatores

310 1685 341 1712 et
371 1683 516 1725 ipsorum
549 1680 727 1725 quemlibet
758 1680 882 1714 debere
912 1693 972 1727 per
1001 1692 1063 1715 vos
1093 1685 1290 1715 auctoritate
1319 1686 1432 1715 vestra
1463 1682 1652 1727 supradicta
1680 1685 1814 1723 remitti,
1844 1684 1871 1715 si
1900 1686 1932 1715 et
1961 1685 1992 1715 in
2022 1686 2178 1727 quantum

311 1745 422 1786 partes
454 1744 523 1786 ipse
553 1741 617 1774 boc
647 1753 688 1774 ex
719 1742 821 1775 corde
851 1742 1005 1775 affectant
1034 1754 1095 1788 per
1115 1742 1364 1776 absolucionem
1387 1745 1535 1776 criminis
1557 1742 1743 1775 huiusmodi
1765 1743 1805 1775 ad
1826 1742 1940 1776 sedem
1962 1743 2178 1788 apostolicam

312 1812 385 1834 cum
423 1801 526 1834 literis
563 1805 737 1835 autenticis
776 1802 899 1836 domini
930 1806 1077 1848 episcopi
1109 1803 1341 1837 Olomucensis
1371 1803 1541 1837 diocesani
1571 1807 1602 1835 et
1630 1805 1766 1836 vestris.
1802 1802 2039 1837 satisfaccione
2069 1808 2179 1837 tamen

312 1861 535 1906 predictarum
566 1866 782 1907 pecuniarum
813 1874 852 1896 ac
881 1863 1084 1897 deeimarum
1107 1863 1294 1897 huiusmodi
1314 1866 1542 1901 restitucione,
1573 1868 1606 1896 ut
1626 1866 1758 1909 petitur,
1788 1874 1849 1908 per
1869 1866 2027 1897 actricem
2049 1868 2177 1909 partem

312 1932 446 1967 semper
476 1927 505 1954 et
536 1927 612 1956 ante
642 1926 751 1956 onmia
782 1924 996 1968 precedente.
1028 1924 1068 1958 Et
1099 1924 1160 1958 hec
1191 1927 1268 1970 petit
1287 1929 1486 1970 procurator
1515 1928 1546 1957 et
1567 1927 1701 1957 nomine
1725 1926 1958 1969 procuratorio
1979 1923 2180 1967 nominib11S‚

313 1982 430 2027 quibus
466 1994 577 2028 supra.
615 1987 815 2017 coniunctim
856 1989 886 2017 et
925 1985 1055 2019 divisim
1096 1986 1225 2019 meliori
1264 1986 1374 2028 modo‚
1414 1988 1468 2018 via
1507 1989 1537 2017 et
1578 1984 1684 2017 forma
1718 1985 1816 2028 jurisqv
1856 1983 1973 2028 quibus
2009 1984 2180 2019 efficacius

312 2047 433 2089 potest.
463 2043 552 2076 valet
583 2048 614 2076 et
644 2043 752 2078 debet.
784 2044 824 2078 Et
854 2050 1056 2090 protestatur
1077 2058 1242 2092 expresse
1271 2049 1377 2092 primo
1407 2050 1439 2079 et
1468 2050 1543 2078 ante
1564 2048 1673 2078 omnia
1695 2055 1732 2078 se
1760 2056 1827 2078 non
1856 2044 1944 2078 velle
1973 2056 2037 2079 nec
2056 2045 2181 2079 debere

313 2106 422 2136 omnia
453 2107 484 2136 et
513 2104 648 2148 singula*
675 2105 822 2150 predicta
853 2106 997 2151 probare
1027 2111 1082 2139 aut
1111 2106 1325 2151 probaturum
1356 2117 1443 2150 esse,
1474 2105 1531 2139 sed
1562 2105 1732 2139 dumtaxat
1762 2105 1802 2138 ad
1833 2116 1871 2138 ea
1901 2110 1932 2138 et
1956 2116 2022 2139 non
2043 2106 2082 2140 ad
2104 2105 2180 2149 alia,

313 2175 377 2209 que
406 2164 445 2197 ad
476 2167 698 2198 intencionem
729 2176 822 2199 suam
839 2170 1072 2212 procuratorio
1089 2170 1223 2201 nomine
1244 2167 1444 2201 fundandam
1461 2166 1627 2201 sufficiunt
1654 2170 1685 2199 et
1701 2169 1876 2199 victoriam
1893 2177 1953 2200 sue
1973 2177 2075 2200 cause
2095 2177 2181 2212 pre-

313 2228 427 2258 sentis.
444 2224 482 2258 Et
505 2230 709 2270 protestatur
730 2226 770 2259 de
791 2226 944 2260 omnibus
961 2228 1122 2273 dampnis
1145 2231 1302 2273 expensis
1324 2233 1356 2261 ct
1376 2231 1540 2261 interesse
1561 2230 1592 2261 in
1614 2227 1675 2260 liae
1693 2238 1793 2260 causa
1810 2229 1958 2272 presenti
1975 2226 2070 2261 factis
2091 2231 2122 2260 et
2140 2226 2181 2260 de

315 2285 430 2318 iiendis
448 2289 477 2318 in
509 2286 665 2319 futurum.
687 2291 719 2319 et
739 2286 834 2320 salvo
854 2286 915 2320 sibi
936 2299 1071 2333 semper
1091 2291 1322 2334 procuratorio
1342 2291 1476 2322 nomino
1498 2288 1619 2321 domini
1649 2290 1698 2321 sui
1725 2290 1813 2321 omni
1843 2288 1907 2321 alio
1919 2289 1997 2332 jure
2025 2287 2180 2331 addendi,

315 2347 493 2380 minuendi.
524 2347 681 2380 mutandi.
711 2348 917 2391 corrigendi.
948 2349 1149 2394 excipiendh
1180 2349 1383 2383 deliberandi
1413 2360 1452 2382 ae
1481 2348 1578 2382 alium
1610 2348 1752 2381 libellum
1784 2360 1842 2381 seu
1872 2347 2000 2382 libellos
2030 2347 2070 2381 de
2090 2358 2181 2382 novo

315 2407 455 2439 t'aciendi
478 2412 508 2439 et
528 2408 734 2453 porrigendi.
765 2411 791 2441 si
813 2414 842 2441 et
865 2412 895 2442 in
917 2414 1072 2454 quantum
1095 2421 1177 2455 opus
1204 2410 1303 2443 suerit
1325 2414 1356 2443 et
1376 2412 1464 2443 circa
1487 2412 1694 2455 posicionuni
1716 2409 2001 2452 articulaeioncm,
2031 2411 2059 2442 si
2088 2412 2121 2442 et
2147 2411 2180 2442 in

313 2471 468 2510 qnantum
501 2471 726 2501 necessarium
758 2469 855 2502 fuerit
890 2474 922 2503 et
960 2475 1158 2515 oportunum
1198 2471 1237 2504 ad
1277 2470 1361 2504 bene
1400 2475 1431 2503 et
1468 2470 1673 2504 sufficienter
1710 2469 1916 2515 probandum
1956 2471 2180 2503 intencionem

313 2538 404 2560 suain
436 2533 550 2560 eontra
580 2529 747 2574 predictas
777 2540 852 2563 reas
881 2535 993 2575 partes
1024 2542 1066 2564 cx
1096 2531 1402 2577 superhabundanti
1431 2533 1619 2576 porrigere.
1651 2530 1730 2563 dare
1769 2534 1801 2563 ct
1838 2530 1952 2564 facere
1981 2529 2182 2574 judicialiter

314 2598 420 2619 novas
459 2591 646 2631 posiciones
685 2594 716 2622 et
747 2591 902 2623 articulos
937 2602 1010 2624 euin
1042 2594 1290 2637 protestacione
1321 2591 1384 2632 tali,
1415 2590 1499 2636 quod
1522 2595 1720 2636 procurator
1741 2595 1771 2624 et
1792 2593 1926 2624 nomine
1947 2591 2181 2636 procuratorio

316 2649 447 2679 actricis
478 2651 578 2692 partis
608 2649 794 2683 nullatcnus
825 2651 891 2684 vult
922 2656 953 2684 et
984 2652 1121 2685 intendit
1150 2664 1166 2685 a
1197 2651 1422 2698 posicionibus
1453 2655 1483 2685 ct
1520 2651 1666 2684 articulis
1702 2650 1869 2697 prioribus
1908 2650 2083 2693 recedere,
2121 2649 2180 2684 sed
