<?xml version="1.0" encoding="UTF-8"?>
<!DOCTYPE html PUBLIC "-//W3C//DTD XHTML 1.0 Transitional//EN"
    "http://www.w3.org/TR/xhtml1/DTD/xhtml1-transitional.dtd">
<html xmlns="http://www.w3.org/1999/xhtml" xml:lang="en" lang="en">
 <head>
  <title>
</title>
<meta http-equiv="Content-Type" content="text/html;charset=utf-8" />
  <meta name='ocr-system' content='tesseract 3.04.00' />
  <meta name='ocr-capabilities' content='ocr_page ocr_carea ocr_par ocr_line ocrx_word'/>
</head>
<body>
  <div class='ocr_page' id='page_1' title='image "./codexdiplomaticu12morauoft_0192.png"; bbox 0 0 2313 3090; ppageno 0'>
   <div class='ocr_carea' id='block_1_1' title="bbox 1224 197 1295 231">
    <p class='ocr_par' dir='ltr' id='par_1_1' title="bbox 1224 197 1295 231">
     <span class='ocr_line' id='line_1_1' title="bbox 1224 197 1295 231; baseline 0 0"><span class='ocrx_word' id='word_1_1' title='bbox 1224 197 1295 231; x_wconf 78' lang='lat'>176</span> 
     </span>
    </p>
   </div>
   <div class='ocr_carea' id='block_1_2' title="bbox 1152 248 1360 253">
    <p class='ocr_par' dir='ltr' id='par_1_2' title="bbox 1152 248 1360 253">
     <span class='ocr_line' id='line_1_2' title="bbox 1152 248 1360 253; baseline 0 0"><span class='ocrx_word' id='word_1_2' title='bbox 1152 248 1360 253; x_wconf 95' lang='lat' dir='ltr'> </span> 
     </span>
    </p>
   </div>
   <div class='ocr_carea' id='block_1_3' title="bbox 1013 353 1500 476">
    <p class='ocr_par' dir='ltr' id='par_1_3' title="bbox 1013 353 1500 476">
     <span class='ocr_line' id='line_1_3' title="bbox 1212 353 1315 391; baseline 0.029 -3"><span class='ocrx_word' id='word_1_3' title='bbox 1212 353 1315 391; x_wconf 72' lang='lat'>180.</span> 
     </span>
     <span class='ocr_line' id='line_1_4' title="bbox 1013 431 1500 476; baseline 0 -11"><span class='ocrx_word' id='word_1_4' title='bbox 1013 431 1105 476; x_wconf 70' lang='lat' dir='ltr'>Pray</span> <span class='ocrx_word' id='word_1_5' title='bbox 1133 431 1167 465; x_wconf 85' lang='lat'>9.</span> <span class='ocrx_word' id='word_1_6' title='bbox 1201 431 1360 465; x_wconf 74' lang='lat' dir='ltr'>Februar</span> <span class='ocrx_word' id='word_1_7' title='bbox 1390 431 1500 465; x_wconf 70' lang='lat'><em>1394.</em></span> 
     </span>
    </p>
   </div>
   <div class='ocr_carea' id='block_1_4' title="bbox 320 509 2192 694">
    <p class='ocr_par' dir='ltr' id='par_1_4' title="bbox 320 509 2192 694">
     <span class='ocr_line' id='line_1_5' title="bbox 480 509 2190 574; baseline -0.001 -12"><span class='ocrx_word' id='word_1_8' title='bbox 480 509 684 574; x_wconf 56' lang='lat' dir='ltr'>lv&#39;arkgraf</span> <span class='ocrx_word' id='word_1_9' title='bbox 709 528 819 562; x_wconf 85' lang='lat' dir='ltr'>Jodok</span> <span class='ocrx_word' id='word_1_10' title='bbox 848 528 983 562; x_wconf 87' lang='lat' dir='ltr'>befiehlt</span> <span class='ocrx_word' id='word_1_11' title='bbox 1012 528 1076 561; x_wconf 90' lang='lat' dir='ltr'>den</span> <span class='ocrx_word' id='word_1_12' title='bbox 1106 526 1326 561; x_wconf 82' lang='lat' dir='ltr'>Rathsleuten</span> <span class='ocrx_word' id='word_1_13' title='bbox 1355 538 1394 560; x_wconf 85' lang='lat' dir='ltr'>zu</span> <span class='ocrx_word' id='word_1_14' title='bbox 1425 526 1682 572; x_wconf 68' lang='lat' dir='ltr'>Brandenburg,</span> <span class='ocrx_word' id='word_1_15' title='bbox 1713 527 1837 570; x_wconf 68' lang='lat' dir='ltr'>Berlin,</span> <span class='ocrx_word' id='word_1_16' title='bbox 1868 527 1966 565; x_wconf 70' lang='lat' dir='ltr'>Koln„</span> <span class='ocrx_word' id='word_1_17' title='bbox 1997 526 2190 567; x_wconf 76' lang='lat' dir='ltr'>Frankfurt,</span> 
     </span>
     <span class='ocr_line' id='line_1_6' title="bbox 320 586 2192 631; baseline -0.001 -8"><span class='ocrx_word' id='word_1_18' title='bbox 320 590 619 624; x_wconf 81' lang='lat' dir='ltr'>Treuenbrietzen.</span> <span class='ocrx_word' id='word_1_19' title='bbox 657 588 761 622; x_wconf 84' lang='lat' dir='ltr'>Belitz</span> <span class='ocrx_word' id='word_1_20' title='bbox 799 589 863 622; x_wconf 88' lang='lat' dir='ltr'>und</span> <span class='ocrx_word' id='word_1_21' title='bbox 902 588 1121 623; x_wconf 87' lang='lat' dir='ltr'>Mittelwalde</span> <span class='ocrx_word' id='word_1_22' title='bbox 1156 587 1257 621; x_wconf 89' lang='lat' dir='ltr'>dahin</span> <span class='ocrx_word' id='word_1_23' title='bbox 1285 599 1325 621; x_wconf 88' lang='lat' dir='ltr'>zu</span> <span class='ocrx_word' id='word_1_24' title='bbox 1360 586 1506 630; x_wconf 78' lang='lat' dir='ltr'>wirken‚</span> <span class='ocrx_word' id='word_1_25' title='bbox 1537 588 1613 621; x_wconf 87' lang='lat' dir='ltr'>dass</span> <span class='ocrx_word' id='word_1_26' title='bbox 1643 588 1696 621; x_wconf 89' lang='lat' dir='ltr'>die</span> <span class='ocrx_word' id='word_1_27' title='bbox 1734 587 1850 621; x_wconf 77' lang='lat' dir='ltr'>Stadte</span> <span class='ocrx_word' id='word_1_28' title='bbox 1892 587 2192 631; x_wconf 75' lang='lat' dir='ltr'>Treuenbrietzen‚</span> 
     </span>
     <span class='ocr_line' id='line_1_7' title="bbox 320 648 2191 694; baseline -0.001 -10"><span class='ocrx_word' id='word_1_29' title='bbox 320 650 425 684; x_wconf 87' lang='lat' dir='ltr'>Belitz</span> <span class='ocrx_word' id='word_1_30' title='bbox 460 650 522 683; x_wconf 88' lang='lat' dir='ltr'>und</span> <span class='ocrx_word' id='word_1_31' title='bbox 560 649 777 684; x_wconf 86' lang='lat' dir='ltr'>Mittelwalde</span> <span class='ocrx_word' id='word_1_32' title='bbox 814 650 887 683; x_wconf 88' lang='lat' dir='ltr'>dem</span> <span class='ocrx_word' id='word_1_33' title='bbox 924 648 1144 694; x_wconf 84' lang='lat' dir='ltr'>Markgrafen</span> <span class='ocrx_word' id='word_1_34' title='bbox 1179 648 1340 682; x_wconf 90' lang='lat' dir='ltr'>Wilhelm</span> <span class='ocrx_word' id='word_1_35' title='bbox 1379 659 1446 682; x_wconf 90' lang='lat' dir='ltr'>von</span> <span class='ocrx_word' id='word_1_36' title='bbox 1481 648 1628 682; x_wconf 85' lang='lat' dir='ltr'>Meissen</span> <span class='ocrx_word' id='word_1_37' title='bbox 1665 648 1726 681; x_wconf 89' lang='lat' dir='ltr'>den</span> <span class='ocrx_word' id='word_1_38' title='bbox 1766 648 2033 693; x_wconf 83' lang='lat' dir='ltr'>Huldigungseid</span> <span class='ocrx_word' id='word_1_39' title='bbox 2062 648 2191 683; x_wconf 89' lang='lat' dir='ltr'>leisten.</span> 
     </span>
    </p>
   </div>
   <div class='ocr_carea' id='block_1_5' title="bbox 632 753 1568 789">
    <p class='ocr_par' dir='ltr' id='par_1_5' title="bbox 632 753 1568 789">
     <span class='ocr_line' id='line_1_8' title="bbox 632 753 1568 789; baseline 0 -9"><span class='ocrx_word' id='word_1_40' title='bbox 632 756 746 789; x_wconf 79' lang='lat' dir='ltr'>(Riedel</span> <span class='ocrx_word' id='word_1_41' title='bbox 771 755 842 781; x_wconf 83' lang='lat' dir='ltr'>Cod.</span> <span class='ocrx_word' id='word_1_42' title='bbox 870 754 1034 782; x_wconf 78' lang='lat' dir='ltr'>Brandenb,</span> <span class='ocrx_word' id='word_1_43' title='bbox 1060 754 1096 782; x_wconf 77' lang='lat' dir='ltr'>A,</span> <span class='ocrx_word' id='word_1_44' title='bbox 1122 754 1175 779; x_wconf 84' lang='lat' dir='ltr'>XI.</span> <span class='ocrx_word' id='word_1_45' title='bbox 1201 753 1262 781; x_wconf 78' lang='lat'>235</span> <span class='ocrx_word' id='word_1_46' title='bbox 1288 763 1315 780; x_wconf 88' lang='lat' dir='ltr'>u.</span> <span class='ocrx_word' id='word_1_47' title='bbox 1340 754 1373 780; x_wconf 86' lang='lat' dir='ltr'>B.</span> <span class='ocrx_word' id='word_1_48' title='bbox 1401 754 1455 780; x_wconf 92' lang='lat' dir='ltr'>III.</span> <span class='ocrx_word' id='word_1_49' title='bbox 1483 753 1568 787; x_wconf 73' lang='lat'>119.)</span> 
     </span>
    </p>
   </div>
   <div class='ocr_carea' id='block_1_6' title="bbox 1208 935 1311 971">
    <p class='ocr_par' dir='ltr' id='par_1_6' title="bbox 1208 935 1311 971">
     <span class='ocr_line' id='line_1_9' title="bbox 1208 935 1311 971; baseline 0 -1"><span class='ocrx_word' id='word_1_50' title='bbox 1208 935 1311 971; x_wconf 81' lang='grc'><strong>181.</strong></span> 
     </span>
    </p>
   </div>
   <div class='ocr_carea' id='block_1_7' title="bbox 318 1013 2191 1120">
    <p class='ocr_par' dir='ltr' id='par_1_7' title="bbox 318 1013 2191 1120">
     <span class='ocr_line' id='line_1_10' title="bbox 318 1013 2191 1059; baseline 0 -12"><span class='ocrx_word' id='word_1_51' title='bbox 318 1015 482 1048; x_wconf 77' lang='lat' dir='ltr'><em>Andreas</em></span> <span class='ocrx_word' id='word_1_52' title='bbox 521 1014 646 1048; x_wconf 81' lang='lat' dir='ltr'>Probst</span> <span class='ocrx_word' id='word_1_53' title='bbox 681 1018 713 1048; x_wconf 75' lang='lat' dir='ltr'>in</span> <span class='ocrx_word' id='word_1_54' title='bbox 751 1014 849 1049; x_wconf 72' lang='lat' dir='ltr'>Lulm</span> <span class='ocrx_word' id='word_1_55' title='bbox 879 1016 947 1048; x_wconf 78' lang='lat' dir='ltr'>und</span> <span class='ocrx_word' id='word_1_56' title='bbox 983 1016 1056 1048; x_wconf 71' lang='lat' dir='ltr'>sein</span> <span class='ocrx_word' id='word_1_57' title='bbox 1090 1015 1245 1048; x_wconf 77' lang='lat' dir='ltr'>Com-ent</span> <span class='ocrx_word' id='word_1_58' title='bbox 1276 1013 1464 1059; x_wconf 68' lang='lat' dir='ltr'>rerhaufen</span> <span class='ocrx_word' id='word_1_59' title='bbox 1496 1015 1595 1047; x_wconf 75' lang='lat' dir='ltr'>einen</span> <span class='ocrx_word' id='word_1_60' title='bbox 1624 1013 1701 1058; x_wconf 79' lang='lat' dir='ltr'>Hos</span> <span class='ocrx_word' id='word_1_61' title='bbox 1724 1015 1757 1047; x_wconf 76' lang='lat' dir='ltr'>in</span> <span class='ocrx_word' id='word_1_62' title='bbox 1791 1013 2089 1058; x_wconf 66' lang='lat' dir='ltr'>Unter-Gerspitz</span> <span class='ocrx_word' id='word_1_63' title='bbox 2118 1013 2191 1047; x_wconf 87' lang='lat' dir='ltr'>dem</span> 
     </span>
     <span class='ocr_line' id='line_1_11' title="bbox 372 1073 2137 1120; baseline 0 -12"><span class='ocrx_word' id='word_1_64' title='bbox 372 1075 510 1109; x_wconf 78' lang='lat' dir='ltr'>Jolmnn</span> <span class='ocrx_word' id='word_1_65' title='bbox 541 1074 852 1120; x_wconf 71' lang='lat' dir='ltr'>Snmpfenpfemciy</span> <span class='ocrx_word' id='word_1_66' title='bbox 882 1088 935 1109; x_wconf 80' lang='lat' dir='ltr'>mn</span> <span class='ocrx_word' id='word_1_67' title='bbox 965 1076 1013 1110; x_wconf 73' lang='lat'>40</span> <span class='ocrx_word' id='word_1_68' title='bbox 1043 1076 1146 1110; x_wconf 71' lang='lat' dir='ltr'>Marlr</span> <span class='ocrx_word' id='word_1_69' title='bbox 1175 1076 1310 1119; x_wconf 65' lang='lat' dir='ltr'>Preger</span> <span class='ocrx_word' id='word_1_70' title='bbox 1342 1074 1528 1108; x_wconf 73' lang='lat' dir='ltr'>Groscken.</span> <span class='ocrx_word' id='word_1_71' title='bbox 1590 1074 1646 1108; x_wconf 84' lang='lat' dir='ltr'>Dt.</span> <span class='ocrx_word' id='word_1_72' title='bbox 1680 1074 1800 1108; x_wconf 65' lang='lat' dir='ltr'>Bruma</span> <span class='ocrx_word' id='word_1_73' title='bbox 1830 1074 1864 1109; x_wconf 84' lang='lat'>6.</span> <span class='ocrx_word' id='word_1_74' title='bbox 1895 1074 1997 1108; x_wconf 69' lang='lat' dir='ltr'>Mc&#39;z&#39;rz</span> <span class='ocrx_word' id='word_1_75' title='bbox 2027 1073 2137 1109; x_wconf 76' lang='lat'><em>1394.</em></span> 
     </span>
    </p>
   </div>
   <div class='ocr_carea' id='block_1_8' title="bbox 318 1151 2193 2492">
    <p class='ocr_par' dir='ltr' id='par_1_8' title="bbox 318 1151 2193 2492">
     <span class='ocr_line' id='line_1_12' title="bbox 475 1151 2189 1218; baseline 0.001 -14"><span class='ocrx_word' id='word_1_76' title='bbox 475 1151 564 1204; x_wconf 60' lang='lat' dir='ltr'>Nos</span> <span class='ocrx_word' id='word_1_77' title='bbox 603 1171 760 1205; x_wconf 82' lang='lat' dir='ltr'>Andreas</span> <span class='ocrx_word' id='word_1_78' title='bbox 798 1174 1000 1217; x_wconf 67' lang='lat' dir='ltr'>prepositus„</span> <span class='ocrx_word' id='word_1_79' title='bbox 1039 1171 1196 1205; x_wconf 87' lang='lat' dir='ltr'>Nicolaus</span> <span class='ocrx_word' id='word_1_80' title='bbox 1235 1174 1327 1217; x_wconf 91' lang='lat' dir='ltr'>prior</span> <span class='ocrx_word' id='word_1_81' title='bbox 1365 1175 1519 1217; x_wconf 86' lang='lat' dir='ltr'>totusque</span> <span class='ocrx_word' id='word_1_82' title='bbox 1556 1176 1742 1205; x_wconf 87' lang='lat' dir='ltr'>conventus</span> <span class='ocrx_word' id='word_1_83' title='bbox 1780 1175 1991 1218; x_wconf 79' lang='lat' dir='ltr'>prepositure</span> <span class='ocrx_word' id='word_1_84' title='bbox 2028 1175 2060 1206; x_wconf 92' lang='lat' dir='ltr'>in</span> <span class='ocrx_word' id='word_1_85' title='bbox 2099 1171 2189 1206; x_wconf 88' lang='lat' dir='ltr'>Luha</span> 
     </span>
     <span class='ocr_line' id='line_1_13' title="bbox 319 1231 2189 1278; baseline 0.002 -14"><span class='ocrx_word' id='word_1_86' title='bbox 319 1242 423 1277; x_wconf 90' lang='lat' dir='ltr'>prope</span> <span class='ocrx_word' id='word_1_87' title='bbox 453 1231 597 1266; x_wconf 84' lang='lat' dir='ltr'>Brunam</span> <span class='ocrx_word' id='word_1_88' title='bbox 628 1233 753 1266; x_wconf 86' lang='lat' dir='ltr'>ordinis</span> <span class='ocrx_word' id='word_1_89' title='bbox 783 1235 887 1266; x_wconf 82' lang='lat' dir='ltr'>sancti</span> <span class='ocrx_word' id='word_1_90' title='bbox 918 1232 1090 1266; x_wconf 74' lang='lat' dir='ltr'>Benedicti</span> <span class='ocrx_word' id='word_1_91' title='bbox 1120 1232 1376 1265; x_wconf 83' lang='lat' dir='ltr'>notumfacimus</span> <span class='ocrx_word' id='word_1_92' title='bbox 1405 1243 1465 1278; x_wconf 90' lang='lat' dir='ltr'>pro</span> <span class='ocrx_word' id='word_1_93' title='bbox 1486 1232 1581 1266; x_wconf 87' lang='lat' dir='ltr'>nobis</span> <span class='ocrx_word' id='word_1_94' title='bbox 1603 1237 1635 1265; x_wconf 86' lang='lat' dir='ltr'>et.</span> <span class='ocrx_word' id='word_1_95' title='bbox 1654 1232 1909 1266; x_wconf 87' lang='lat' dir='ltr'>successoribus</span> <span class='ocrx_word' id='word_1_96' title='bbox 1929 1236 2053 1267; x_wconf 89' lang='lat' dir='ltr'>nostris</span> <span class='ocrx_word' id='word_1_97' title='bbox 2073 1237 2189 1267; x_wconf 87' lang='lat' dir='ltr'>tenore</span> 
     </span>
     <span class='ocr_line' id='line_1_14' title="bbox 318 1292 2189 1338; baseline 0.001 -13"><span class='ocrx_word' id='word_1_98' title='bbox 318 1296 530 1337; x_wconf 86' lang='lat' dir='ltr'>presencium</span> <span class='ocrx_word' id='word_1_99' title='bbox 561 1295 743 1335; x_wconf 60' lang='lat' dir='ltr'>universis,</span> <span class='ocrx_word' id='word_1_100' title='bbox 783 1293 868 1338; x_wconf 91' lang='lat' dir='ltr'>quod</span> <span class='ocrx_word' id='word_1_101' title='bbox 900 1293 940 1326; x_wconf 88' lang='lat' dir='ltr'>de</span> <span class='ocrx_word' id='word_1_102' title='bbox 971 1292 1055 1326; x_wconf 89' lang='lat' dir='ltr'>bona</span> <span class='ocrx_word' id='word_1_103' title='bbox 1086 1292 1258 1326; x_wconf 81' lang='lat' dir='ltr'>voluntate</span> <span class='ocrx_word' id='word_1_104' title='bbox 1289 1297 1317 1326; x_wconf 87' lang='lat' dir='ltr'>et</span> <span class='ocrx_word' id='word_1_105' title='bbox 1350 1297 1477 1326; x_wconf 85' lang='lat' dir='ltr'>matura</span> <span class='ocrx_word' id='word_1_106' title='bbox 1508 1292 1755 1326; x_wconf 78' lang='lat' dir='ltr'>deliberacione</span> <span class='ocrx_word' id='word_1_107' title='bbox 1786 1293 1958 1338; x_wconf 86' lang='lat' dir='ltr'>prehabita</span> <span class='ocrx_word' id='word_1_108' title='bbox 1987 1305 2119 1327; x_wconf 86' lang='lat' dir='ltr'>necnon</span> <span class='ocrx_word' id='word_1_109' title='bbox 2149 1293 2189 1327; x_wconf 90' lang='lat' dir='ltr'>de</span> 
     </span>
     <span class='ocr_line' id='line_1_15' title="bbox 318 1352 2189 1391; baseline 0.002 -6"><span class='ocrx_word' id='word_1_110' title='bbox 318 1364 485 1387; x_wconf 84' lang='lat' dir='ltr'>consensu</span> <span class='ocrx_word' id='word_1_111' title='bbox 516 1353 720 1387; x_wconf 86' lang='lat' dir='ltr'>venerabilis</span> <span class='ocrx_word' id='word_1_112' title='bbox 750 1354 872 1387; x_wconf 89' lang='lat' dir='ltr'>domini</span> <span class='ocrx_word' id='word_1_113' title='bbox 905 1353 1038 1387; x_wconf 80' lang='lat' dir='ltr'>Henrici</span> <span class='ocrx_word' id='word_1_114' title='bbox 1059 1352 1188 1387; x_wconf 83' lang='lat' dir='ltr'>abbatis</span> <span class='ocrx_word' id='word_1_115' title='bbox 1215 1356 1408 1387; x_wconf 85' lang='lat' dir='ltr'>monasterii</span> <span class='ocrx_word' id='word_1_116' title='bbox 1429 1352 1657 1391; x_wconf 68' lang='lat' dir='ltr'>Trebicensis„</span> <span class='ocrx_word' id='word_1_117' title='bbox 1688 1354 1811 1387; x_wconf 90' lang='lat' dir='ltr'>domini</span> <span class='ocrx_word' id='word_1_118' title='bbox 1832 1358 1864 1387; x_wconf 92' lang='lat' dir='ltr'>et</span> <span class='ocrx_word' id='word_1_119' title='bbox 1883 1357 2066 1388; x_wconf 80' lang='lat' dir='ltr'>visitatoris</span> <span class='ocrx_word' id='word_1_120' title='bbox 2086 1357 2189 1388; x_wconf 89' lang='lat' dir='ltr'>nostri</span> 
     </span>
     <span class='ocr_line' id='line_1_16' title="bbox 319 1413 2190 1461; baseline 0.002 -15"><span class='ocrx_word' id='word_1_121' title='bbox 319 1417 495 1455; x_wconf 64' lang='lat' dir='ltr'>carissimi„</span> <span class='ocrx_word' id='word_1_122' title='bbox 527 1417 652 1448; x_wconf 86' lang='lat' dir='ltr'>curiam</span> <span class='ocrx_word' id='word_1_123' title='bbox 683 1419 828 1448; x_wconf 83' lang='lat' dir='ltr'>nostram</span> <span class='ocrx_word' id='word_1_124' title='bbox 861 1426 933 1447; x_wconf 85' lang='lat' dir='ltr'>cum</span> <span class='ocrx_word' id='word_1_125' title='bbox 965 1413 1093 1448; x_wconf 89' lang='lat' dir='ltr'>duobus</span> <span class='ocrx_word' id='word_1_126' title='bbox 1122 1414 1227 1448; x_wconf 88' lang='lat' dir='ltr'>laneis</span> <span class='ocrx_word' id='word_1_127' title='bbox 1256 1417 1286 1447; x_wconf 91' lang='lat' dir='ltr'>in</span> <span class='ocrx_word' id='word_1_128' title='bbox 1317 1413 1394 1448; x_wconf 85' lang='lat' dir='ltr'>villa</span> <span class='ocrx_word' id='word_1_129' title='bbox 1425 1413 1575 1447; x_wconf 84' lang='lat' dir='ltr'>inferiori</span> <span class='ocrx_word' id='word_1_130' title='bbox 1597 1413 1758 1460; x_wconf 86' lang='lat' dir='ltr'>Gerspicz</span> <span class='ocrx_word' id='word_1_131' title='bbox 1787 1417 1883 1449; x_wconf 86' lang='lat' dir='ltr'>sitam</span> <span class='ocrx_word' id='word_1_132' title='bbox 1914 1426 1987 1448; x_wconf 90' lang='lat' dir='ltr'>cum</span> <span class='ocrx_word' id='word_1_133' title='bbox 2009 1426 2075 1448; x_wconf 92' lang='lat' dir='ltr'>uno</span> <span class='ocrx_word' id='word_1_134' title='bbox 2095 1420 2190 1461; x_wconf 88' lang='lat' dir='ltr'>prato</span> 
     </span>
     <span class='ocr_line' id='line_1_17' title="bbox 319 1474 2189 1520; baseline 0.001 -13"><span class='ocrx_word' id='word_1_135' title='bbox 319 1479 349 1507; x_wconf 86' lang='lat' dir='ltr'>et</span> <span class='ocrx_word' id='word_1_136' title='bbox 379 1477 530 1519; x_wconf 89' lang='lat' dir='ltr'>pomerio</span> <span class='ocrx_word' id='word_1_137' title='bbox 561 1474 601 1508; x_wconf 89' lang='lat' dir='ltr'>de</span> <span class='ocrx_word' id='word_1_138' title='bbox 631 1474 787 1508; x_wconf 78' lang='lat' dir='ltr'>salicibus</span> <span class='ocrx_word' id='word_1_139' title='bbox 817 1479 847 1508; x_wconf 85' lang='lat' dir='ltr'>et</span> <span class='ocrx_word' id='word_1_140' title='bbox 878 1474 1030 1508; x_wconf 83' lang='lat' dir='ltr'>omnihus</span> <span class='ocrx_word' id='word_1_141' title='bbox 1060 1477 1127 1508; x_wconf 89' lang='lat' dir='ltr'>suis</span> <span class='ocrx_word' id='word_1_142' title='bbox 1157 1477 1372 1520; x_wconf 66' lang='lat' dir='ltr'>pertinenciis</span> <span class='ocrx_word' id='word_1_143' title='bbox 1401 1478 1462 1508; x_wconf 85' lang='lat' dir='ltr'>rite</span> <span class='ocrx_word' id='word_1_144' title='bbox 1484 1480 1515 1509; x_wconf 86' lang='lat' dir='ltr'>et</span> <span class='ocrx_word' id='word_1_145' title='bbox 1536 1474 1785 1509; x_wconf 86' lang='lat' dir='ltr'>racionabiliter</span> <span class='ocrx_word' id='word_1_146' title='bbox 1805 1475 2015 1509; x_wconf 83' lang='lat' dir='ltr'>vendidimus</span> <span class='ocrx_word' id='word_1_147' title='bbox 2044 1476 2189 1509; x_wconf 88' lang='lat' dir='ltr'>discreto</span> 
     </span>
     <span class='ocr_line' id='line_1_18' title="bbox 318 1534 2187 1582; baseline 0.002 -15"><span class='ocrx_word' id='word_1_148' title='bbox 318 1534 439 1568; x_wconf 66' lang='grc' dir='ltr'>ι101111111</span> <span class='ocrx_word' id='word_1_149' title='bbox 468 1535 554 1568; x_wconf 87' lang='lat' dir='ltr'>dicto</span> <span class='ocrx_word' id='word_1_150' title='bbox 585 1535 900 1581; x_wconf 75' lang='lat' dir='ltr'>Sumpsenpliennig</span> <span class='ocrx_word' id='word_1_151' title='bbox 930 1536 970 1568; x_wconf 88' lang='lat' dir='ltr'>de</span> <span class='ocrx_word' id='word_1_152' title='bbox 999 1534 1183 1570; x_wconf 40' lang='lat' dir='ltr'>Modericzi</span> <span class='ocrx_word' id='word_1_153' title='bbox 1218 1535 1398 1570; x_wconf 86' lang='lat' dir='ltr'>heredibus</span> <span class='ocrx_word' id='word_1_154' title='bbox 1428 1541 1459 1570; x_wconf 88' lang='lat' dir='ltr'>et</span> <span class='ocrx_word' id='word_1_155' title='bbox 1488 1536 1742 1570; x_wconf 85' lang='lat' dir='ltr'>successoribus</span> <span class='ocrx_word' id='word_1_156' title='bbox 1772 1539 1839 1570; x_wconf 84' lang='lat' dir='ltr'>suis</span> <span class='ocrx_word' id='word_1_157' title='bbox 1869 1547 1929 1582; x_wconf 88' lang='lat' dir='ltr'>pro</span> <span class='ocrx_word' id='word_1_158' title='bbox 1968 1536 2187 1582; x_wconf 83' lang='lat' dir='ltr'>quadraginta</span> 
     </span>
     <span class='ocr_line' id='line_1_19' title="bbox 320 1597 2189 1643; baseline 0.003 -16"><span class='ocrx_word' id='word_1_159' title='bbox 320 1598 440 1627; x_wconf 77' lang='lat' dir='ltr'>marcis</span> <span class='ocrx_word' id='word_1_160' title='bbox 478 1606 675 1639; x_wconf 76' lang='lat' dir='ltr'>grossorum</span> <span class='ocrx_word' id='word_1_161' title='bbox 714 1599 930 1642; x_wconf 64' lang='lat' dir='ltr'>pragensium</span> <span class='ocrx_word' id='word_1_162' title='bbox 970 1598 1131 1629; x_wconf 88' lang='lat' dir='ltr'>moravici</span> <span class='ocrx_word' id='word_1_163' title='bbox 1173 1599 1304 1629; x_wconf 89' lang='lat' dir='ltr'>numeri</span> <span class='ocrx_word' id='word_1_164' title='bbox 1343 1601 1374 1630; x_wconf 87' lang='lat' dir='ltr'>et</span> <span class='ocrx_word' id='word_1_165' title='bbox 1412 1601 1614 1643; x_wconf 70' lang='lat' dir='ltr'>pagamenti,</span> <span class='ocrx_word' id='word_1_166' title='bbox 1658 1597 1861 1631; x_wconf 80' lang='lat' dir='ltr'>hereditarie</span> <span class='ocrx_word' id='word_1_167' title='bbox 1904 1597 1943 1631; x_wconf 88' lang='lat' dir='ltr'>ad</span> <span class='ocrx_word' id='word_1_168' title='bbox 1987 1597 2189 1640; x_wconf 49' lang='lat' dir='ltr'>habendum2</span> 
     </span>
     <span class='ocr_line' id='line_1_20' title="bbox 318 1656 2190 1704; baseline 0.002 -16"><span class='ocrx_word' id='word_1_169' title='bbox 318 1656 568 1701; x_wconf 81' lang='lat' dir='ltr'>possidendum.</span> <span class='ocrx_word' id='word_1_170' title='bbox 599 1656 836 1693; x_wconf 68' lang='lat' dir='ltr'>util&#39;ruendum.</span> <span class='ocrx_word' id='word_1_171' title='bbox 868 1656 1095 1702; x_wconf 70' lang='lat' dir='ltr'>obligandum.</span> <span class='ocrx_word' id='word_1_172' title='bbox 1126 1657 1379 1702; x_wconf 86' lang='lat' dir='ltr'>permutandum</span> <span class='ocrx_word' id='word_1_173' title='bbox 1407 1662 1438 1691; x_wconf 89' lang='lat' dir='ltr'>et</span> <span class='ocrx_word' id='word_1_174' title='bbox 1467 1658 1680 1692; x_wconf 80' lang='lat' dir='ltr'>vendendum</span> <span class='ocrx_word' id='word_1_175' title='bbox 1711 1669 1750 1691; x_wconf 88' lang='lat' dir='ltr'>ac</span> <span class='ocrx_word' id='word_1_176' title='bbox 1778 1669 1838 1704; x_wconf 91' lang='lat' dir='ltr'>pro</span> <span class='ocrx_word' id='word_1_177' title='bbox 1868 1658 2006 1692; x_wconf 90' lang='lat' dir='ltr'>utilitate</span> <span class='ocrx_word' id='word_1_178' title='bbox 2027 1662 2060 1691; x_wconf 89' lang='lat' dir='ltr'>et</span> <span class='ocrx_word' id='word_1_179' title='bbox 2078 1657 2190 1691; x_wconf 89' lang='lat' dir='ltr'>bene-</span> 
     </span>
     <span class='ocr_line' id='line_1_21' title="bbox 319 1716 2190 1763; baseline 0.002 -15"><span class='ocrx_word' id='word_1_180' title='bbox 319 1716 439 1761; x_wconf 87' lang='lat' dir='ltr'>placito</span> <span class='ocrx_word' id='word_1_181' title='bbox 477 1717 726 1762; x_wconf 76' lang='lat' dir='ltr'>possidendum.</span> <span class='ocrx_word' id='word_1_182' title='bbox 771 1718 816 1751; x_wconf 83' lang='lat' dir='ltr'>Ita</span> <span class='ocrx_word' id='word_1_183' title='bbox 857 1722 979 1761; x_wconf 72' lang='lat' dir='ltr'>tamen,</span> <span class='ocrx_word' id='word_1_184' title='bbox 1019 1718 1105 1763; x_wconf 89' lang='lat' dir='ltr'>quod</span> <span class='ocrx_word' id='word_1_185' title='bbox 1144 1721 1215 1763; x_wconf 88' lang='lat' dir='ltr'>ipse</span> <span class='ocrx_word' id='word_1_186' title='bbox 1254 1717 1437 1757; x_wconf 59' lang='lat' dir='ltr'>‚Iohannesq</span> <span class='ocrx_word' id='word_1_187' title='bbox 1469 1718 1612 1752; x_wconf 83' lang='lat' dir='ltr'>heredes</span> <span class='ocrx_word' id='word_1_188' title='bbox 1641 1723 1673 1752; x_wconf 88' lang='lat' dir='ltr'>et</span> <span class='ocrx_word' id='word_1_189' title='bbox 1701 1730 1919 1753; x_wconf 77' lang='lat' dir='ltr'>successores</span> <span class='ocrx_word' id='word_1_190' title='bbox 1949 1721 1998 1753; x_wconf 90' lang='lat' dir='ltr'>sui</span> <span class='ocrx_word' id='word_1_191' title='bbox 2026 1718 2123 1752; x_wconf 90' lang='lat' dir='ltr'>nobis</span> <span class='ocrx_word' id='word_1_192' title='bbox 2152 1730 2190 1752; x_wconf 87' lang='lat' dir='ltr'>ac</span> 
     </span>
     <span class='ocr_line' id='line_1_22' title="bbox 319 1777 2189 1825; baseline 0.002 -16"><span class='ocrx_word' id='word_1_193' title='bbox 319 1777 573 1811; x_wconf 79' lang='lat' dir='ltr'>successoribus</span> <span class='ocrx_word' id='word_1_194' title='bbox 602 1781 725 1812; x_wconf 88' lang='lat' dir='ltr'>nostris</span> <span class='ocrx_word' id='word_1_195' title='bbox 755 1779 841 1812; x_wconf 88' lang='lat' dir='ltr'>dicte</span> <span class='ocrx_word' id='word_1_196' title='bbox 871 1782 1094 1825; x_wconf 79' lang='lat' dir='ltr'>prepositure.</span> <span class='ocrx_word' id='word_1_197' title='bbox 1134 1782 1187 1824; x_wconf 89' lang='lat' dir='ltr'>qui</span> <span class='ocrx_word' id='word_1_198' title='bbox 1226 1790 1287 1824; x_wconf 92' lang='lat' dir='ltr'>pro</span> <span class='ocrx_word' id='word_1_199' title='bbox 1317 1784 1469 1825; x_wconf 87' lang='lat' dir='ltr'>tempore</span> <span class='ocrx_word' id='word_1_200' title='bbox 1499 1779 1632 1822; x_wconf 77' lang='lat' dir='ltr'>fuerint,</span> <span class='ocrx_word' id='word_1_201' title='bbox 1671 1782 1839 1813; x_wconf 79' lang='lat' dir='ltr'>annuatim</span> <span class='ocrx_word' id='word_1_202' title='bbox 1869 1780 1909 1813; x_wconf 90' lang='lat' dir='ltr'>de</span> <span class='ocrx_word' id='word_1_203' title='bbox 1938 1778 2067 1825; x_wconf 85' lang='lat' dir='ltr'>prefata</span> <span class='ocrx_word' id='word_1_204' title='bbox 2098 1782 2189 1812; x_wconf 89' lang='lat' dir='ltr'>curia</span> 
     </span>
     <span class='ocr_line' id='line_1_23' title="bbox 320 1838 2191 1886; baseline 0.003 -17"><span class='ocrx_word' id='word_1_205' title='bbox 320 1848 483 1870; x_wconf 87' lang='lat' dir='ltr'>censuare</span> <span class='ocrx_word' id='word_1_206' title='bbox 514 1838 678 1872; x_wconf 82' lang='lat' dir='ltr'>debebunt</span> <span class='ocrx_word' id='word_1_207' title='bbox 710 1839 867 1872; x_wconf 81' lang='lat' dir='ltr'>videlieet</span> <span class='ocrx_word' id='word_1_208' title='bbox 896 1842 1040 1885; x_wconf 85' lang='lat' dir='ltr'>quinque</span> <span class='ocrx_word' id='word_1_209' title='bbox 1070 1840 1220 1873; x_wconf 84' lang='lat' dir='ltr'>fertones</span> <span class='ocrx_word' id='word_1_210' title='bbox 1250 1851 1446 1885; x_wconf 78' lang='lat' dir='ltr'>grossorum</span> <span class='ocrx_word' id='word_1_211' title='bbox 1487 1843 1517 1874; x_wconf 91' lang='lat' dir='ltr'>in</span> <span class='ocrx_word' id='word_1_212' title='bbox 1557 1840 1642 1874; x_wconf 89' lang='lat' dir='ltr'>festo</span> <span class='ocrx_word' id='word_1_213' title='bbox 1680 1843 1785 1874; x_wconf 85' lang='lat' dir='ltr'>sancti</span> <span class='ocrx_word' id='word_1_214' title='bbox 1815 1840 1989 1874; x_wconf 80' lang='lat' dir='ltr'>Michaelis</span> <span class='ocrx_word' id='word_1_215' title='bbox 2026 1840 2067 1874; x_wconf 89' lang='lat' dir='ltr'>de</span> <span class='ocrx_word' id='word_1_216' title='bbox 2096 1844 2191 1886; x_wconf 87' lang='lat' dir='ltr'>prato</span> 
     </span>
     <span class='ocr_line' id='line_1_24' title="bbox 320 1899 2193 1948; baseline 0.003 -17"><span class='ocrx_word' id='word_1_217' title='bbox 320 1901 437 1942; x_wconf 79' lang='lat' dir='ltr'>viginti</span> <span class='ocrx_word' id='word_1_218' title='bbox 466 1910 606 1943; x_wconf 63' lang='lat' dir='ltr'>grossos</span> <span class='ocrx_word' id='word_1_219' title='bbox 636 1902 667 1932; x_wconf 92' lang='grc'>111</span> <span class='ocrx_word' id='word_1_220' title='bbox 698 1899 783 1933; x_wconf 82' lang='lat' dir='ltr'>festo</span> <span class='ocrx_word' id='word_1_221' title='bbox 813 1903 918 1933; x_wconf 88' lang='lat' dir='ltr'>sancti</span> <span class='ocrx_word' id='word_1_222' title='bbox 948 1899 1065 1933; x_wconf 88' lang='lat' dir='ltr'>Jacobi</span> <span class='ocrx_word' id='word_1_223' title='bbox 1095 1901 1236 1946; x_wconf 86' lang='lat' dir='ltr'>apostoli</span> <span class='ocrx_word' id='word_1_224' title='bbox 1267 1906 1299 1934; x_wconf 81' lang='lat' dir='ltr'>et.</span> <span class='ocrx_word' id='word_1_225' title='bbox 1329 1912 1388 1947; x_wconf 90' lang='lat' dir='ltr'>pro</span> <span class='ocrx_word' id='word_1_226' title='bbox 1418 1902 1556 1935; x_wconf 81' lang='lat' dir='ltr'>decimis</span> <span class='ocrx_word' id='word_1_227' title='bbox 1585 1913 1682 1935; x_wconf 90' lang='lat' dir='ltr'>unam</span> <span class='ocrx_word' id='word_1_228' title='bbox 1714 1913 1860 1935; x_wconf 80' lang='lat' dir='ltr'>marcam</span> <span class='ocrx_word' id='word_1_229' title='bbox 1882 1912 2078 1947; x_wconf 80' lang='lat' dir='ltr'>grossorum</span> <span class='ocrx_word' id='word_1_230' title='bbox 2108 1912 2193 1948; x_wconf 87' lang='lat' dir='ltr'>pre-</span> 
     </span>
     <span class='ocr_line' id='line_1_25' title="bbox 320 1959 2193 2008; baseline 0.002 -17"><span class='ocrx_word' id='word_1_231' title='bbox 320 1959 481 1992; x_wconf 87' lang='lat' dir='ltr'>dictorum</span> <span class='ocrx_word' id='word_1_232' title='bbox 513 1962 602 1993; x_wconf 89' lang='lat' dir='ltr'>circa</span> <span class='ocrx_word' id='word_1_233' title='bbox 632 1960 752 1993; x_wconf 82' lang='lat' dir='ltr'>festum</span> <span class='ocrx_word' id='word_1_234' title='bbox 783 1963 889 1994; x_wconf 86' lang='lat' dir='ltr'>sancti</span> <span class='ocrx_word' id='word_1_235' title='bbox 920 1960 1059 2006; x_wconf 84' lang='lat' dir='ltr'>Georgii</span> <span class='ocrx_word' id='word_1_236' title='bbox 1089 1965 1260 2007; x_wconf 57' lang='lat' dir='ltr'>martyris,</span> <span class='ocrx_word' id='word_1_237' title='bbox 1291 1972 1422 1996; x_wconf 81' lang='lat' dir='ltr'>necnon</span> <span class='ocrx_word' id='word_1_238' title='bbox 1452 1963 1536 1995; x_wconf 88' lang='lat' dir='ltr'>duos</span> <span class='ocrx_word' id='word_1_239' title='bbox 1566 1962 1671 2008; x_wconf 91' lang='lat' dir='ltr'>pullos</span> <span class='ocrx_word' id='word_1_240' title='bbox 1700 1973 1760 2008; x_wconf 90' lang='lat' dir='ltr'>pro</span> <span class='ocrx_word' id='word_1_241' title='bbox 1789 1965 1932 1996; x_wconf 87' lang='lat' dir='ltr'>termino</span> <span class='ocrx_word' id='word_1_242' title='bbox 1957 1965 2062 1997; x_wconf 85' lang='lat' dir='ltr'>sancti</span> <span class='ocrx_word' id='word_1_243' title='bbox 2082 1961 2193 2007; x_wconf 84' lang='lat' dir='ltr'>Egidii</span> 
     </span>
     <span class='ocr_line' id='line_1_26' title="bbox 322 2020 2190 2067; baseline 0.002 -15"><span class='ocrx_word' id='word_1_244' title='bbox 322 2030 407 2052; x_wconf 88' lang='lat' dir='ltr'>nunc</span> <span class='ocrx_word' id='word_1_245' title='bbox 438 2020 625 2065; x_wconf 89' lang='lat' dir='ltr'>incipiendo</span> <span class='ocrx_word' id='word_1_246' title='bbox 655 2023 888 2066; x_wconf 73' lang='lat' dir='ltr'>continuisque</span> <span class='ocrx_word' id='word_1_247' title='bbox 918 2021 1175 2055; x_wconf 86' lang='lat' dir='ltr'>succedentibus</span> <span class='ocrx_word' id='word_1_248' title='bbox 1206 2027 1234 2055; x_wconf 88' lang='lat' dir='ltr'>et</span> <span class='ocrx_word' id='word_1_249' title='bbox 1257 2025 1305 2056; x_wconf 92' lang='lat' dir='ltr'>sic</span> <span class='ocrx_word' id='word_1_250' title='bbox 1326 2023 1527 2056; x_wconf 85' lang='lat' dir='ltr'>censuandis</span> <span class='ocrx_word' id='word_1_251' title='bbox 1548 2023 1685 2057; x_wconf 86' lang='lat' dir='ltr'>ulterius</span> <span class='ocrx_word' id='word_1_252' title='bbox 1706 2027 1799 2057; x_wconf 89' lang='lat' dir='ltr'>annis</span> <span class='ocrx_word' id='word_1_253' title='bbox 1821 2023 1959 2067; x_wconf 85' lang='lat' dir='ltr'>singulis</span> <span class='ocrx_word' id='word_1_254' title='bbox 1981 2026 2011 2056; x_wconf 93' lang='lat' dir='ltr'>in</span> <span class='ocrx_word' id='word_1_255' title='bbox 2034 2023 2190 2057; x_wconf 90' lang='lat' dir='ltr'>futurum.</span> 
     </span>
     <span class='ocr_line' id='line_1_27' title="bbox 320 2079 2190 2130; baseline 0.002 -18"><span class='ocrx_word' id='word_1_256' title='bbox 320 2079 371 2112; x_wconf 89' lang='lat' dir='ltr'>De</span> <span class='ocrx_word' id='word_1_257' title='bbox 401 2079 552 2113; x_wconf 79' lang='lat' dir='ltr'>omnibus</span> <span class='ocrx_word' id='word_1_258' title='bbox 582 2085 691 2127; x_wconf 80' lang='lat' dir='ltr'>autem</span> <span class='ocrx_word' id='word_1_259' title='bbox 722 2081 794 2115; x_wconf 73' lang='lat' dir='ltr'>aliis</span> <span class='ocrx_word' id='word_1_260' title='bbox 824 2081 1065 2115; x_wconf 80' lang='lat' dir='ltr'>exaccionibus</span> <span class='ocrx_word' id='word_1_261' title='bbox 1096 2086 1127 2115; x_wconf 86' lang='lat' dir='ltr'>et</span> <span class='ocrx_word' id='word_1_262' title='bbox 1155 2081 1283 2116; x_wconf 85' lang='lat' dir='ltr'>robotis</span> <span class='ocrx_word' id='word_1_263' title='bbox 1313 2082 1455 2116; x_wconf 85' lang='lat' dir='ltr'>debeant</span> <span class='ocrx_word' id='word_1_264' title='bbox 1484 2095 1560 2117; x_wconf 85' lang='lat' dir='ltr'>esse</span> <span class='ocrx_word' id='word_1_265' title='bbox 1581 2083 1675 2117; x_wconf 87' lang='lat' dir='ltr'>liberi</span> <span class='ocrx_word' id='word_1_266' title='bbox 1696 2087 1826 2130; x_wconf 85' lang='lat' dir='ltr'>penitus</span> <span class='ocrx_word' id='word_1_267' title='bbox 1856 2080 1887 2117; x_wconf 84' lang='lat' dir='ltr'>et</span> <span class='ocrx_word' id='word_1_268' title='bbox 1907 2084 2018 2125; x_wconf 62' lang='lat' dir='ltr'>soluti,</span> <span class='ocrx_word' id='word_1_269' title='bbox 2048 2087 2190 2129; x_wconf 83' lang='lat' dir='ltr'>excepta</span> 
     </span>
     <span class='ocr_line' id='line_1_28' title="bbox 321 2142 2192 2191; baseline 0.003 -19"><span class='ocrx_word' id='word_1_270' title='bbox 321 2144 430 2172; x_wconf 87' lang='lat' dir='ltr'>tamen</span> <span class='ocrx_word' id='word_1_271' title='bbox 461 2144 571 2173; x_wconf 85' lang='lat' dir='ltr'>steura</span> <span class='ocrx_word' id='word_1_272' title='bbox 603 2142 730 2185; x_wconf 68' lang='lat' dir='ltr'>regali3</span> <span class='ocrx_word' id='word_1_273' title='bbox 760 2142 1026 2187; x_wconf 86' lang='lat' dir='ltr'>quandocunque</span> <span class='ocrx_word' id='word_1_274' title='bbox 1056 2147 1087 2175; x_wconf 83' lang='lat' dir='ltr'>et</span> <span class='ocrx_word' id='word_1_275' title='bbox 1109 2146 1403 2191; x_wconf 81' lang='lat' dir='ltr'>quocienscunque</span> <span class='ocrx_word' id='word_1_276' title='bbox 1424 2144 1475 2177; x_wconf 85' lang='lat' dir='ltr'>illa</span> <span class='ocrx_word' id='word_1_277' title='bbox 1498 2147 1688 2189; x_wconf 61' lang='lat' dir='ltr'>imponiturq</span> <span class='ocrx_word' id='word_1_278' title='bbox 1720 2145 1800 2178; x_wconf 89' lang='lat' dir='ltr'>dare</span> <span class='ocrx_word' id='word_1_279' title='bbox 1822 2144 1943 2179; x_wconf 86' lang='lat' dir='ltr'>debent</span> <span class='ocrx_word' id='word_1_280' title='bbox 1963 2148 1995 2177; x_wconf 88' lang='lat' dir='ltr'>et</span> <span class='ocrx_word' id='word_1_281' title='bbox 2015 2146 2192 2189; x_wconf 83' lang='lat' dir='ltr'>porrigere</span> 
     </span>
     <span class='ocr_line' id='line_1_29' title="bbox 321 2200 2192 2249; baseline 0.003 -17"><span class='ocrx_word' id='word_1_282' title='bbox 321 2211 394 2233; x_wconf 89' lang='lat' dir='ltr'>cum</span> <span class='ocrx_word' id='word_1_283' title='bbox 426 2200 555 2234; x_wconf 83' lang='lat' dir='ltr'>ell&#39;cctu.</span> <span class='ocrx_word' id='word_1_284' title='bbox 613 2201 837 2236; x_wconf 80' lang='lat' dir='ltr'>l’romittimus</span> <span class='ocrx_word' id='word_1_285' title='bbox 875 2206 1010 2248; x_wconf 82' lang='lat' dir='ltr'>insuper</span> <span class='ocrx_word' id='word_1_286' title='bbox 1040 2203 1134 2236; x_wconf 88' lang='lat' dir='ltr'>dictis</span> <span class='ocrx_word' id='word_1_287' title='bbox 1164 2203 1369 2249; x_wconf 72' lang='lat' dir='ltr'>emptoribus</span> <span class='ocrx_word' id='word_1_288' title='bbox 1413 2207 1536 2239; x_wconf 82' lang='lat' dir='ltr'>nostris</span> <span class='ocrx_word' id='word_1_289' title='bbox 1578 2205 1717 2238; x_wconf 84' lang='lat' dir='ltr'>eandem</span> <span class='ocrx_word' id='word_1_290' title='bbox 1757 2207 1881 2239; x_wconf 89' lang='lat' dir='ltr'>curiam</span> <span class='ocrx_word' id='word_1_291' title='bbox 1921 2215 1996 2237; x_wconf 90' lang='lat' dir='ltr'>cum</span> <span class='ocrx_word' id='word_1_292' title='bbox 2026 2206 2192 2239; x_wconf 89' lang='lat' dir='ltr'>universis</span> 
     </span>
     <span class='ocr_line' id='line_1_30' title="bbox 321 2263 2191 2310; baseline 0.003 -17"><span class='ocrx_word' id='word_1_293' title='bbox 321 2263 388 2294; x_wconf 79' lang='lat' dir='ltr'>suis</span> <span class='ocrx_word' id='word_1_294' title='bbox 426 2264 653 2306; x_wconf 73' lang='lat' dir='ltr'>pertinenciis.</span> <span class='ocrx_word' id='word_1_295' title='bbox 694 2268 726 2296; x_wconf 88' lang='lat' dir='ltr'>ut</span> <span class='ocrx_word' id='word_1_296' title='bbox 764 2266 974 2308; x_wconf 83' lang='lat' dir='ltr'>premittitur.</span> <span class='ocrx_word' id='word_1_297' title='bbox 1013 2267 1038 2297; x_wconf 79' lang='lat' dir='ltr'>si</span> <span class='ocrx_word' id='word_1_298' title='bbox 1078 2267 1262 2298; x_wconf 74' lang='lat' dir='ltr'>necessitas</span> <span class='ocrx_word' id='word_1_299' title='bbox 1302 2264 1412 2303; x_wconf 77' lang='lat' dir='ltr'>fuerit,</span> <span class='ocrx_word' id='word_1_300' title='bbox 1451 2264 1639 2309; x_wconf 75' lang='lat' dir='ltr'>(lisbrigare</span> <span class='ocrx_word' id='word_1_301' title='bbox 1669 2270 1701 2299; x_wconf 80' lang='lat' dir='ltr'>et</span> <span class='ocrx_word' id='word_1_302' title='bbox 1739 2265 1934 2308; x_wconf 64' lang='lat' dir='ltr'>defendere,</span> <span class='ocrx_word' id='word_1_303' title='bbox 1973 2267 2191 2310; x_wconf 91' lang='lat' dir='ltr'>quantumin</span> 
     </span>
     <span class='ocr_line' id='line_1_31' title="bbox 320 2321 2191 2371; baseline 0.003 -18"><span class='ocrx_word' id='word_1_304' title='bbox 320 2321 416 2354; x_wconf 89' lang='lat' dir='ltr'>nobis</span> <span class='ocrx_word' id='word_1_305' title='bbox 455 2325 572 2355; x_wconf 80' lang='lat' dir='ltr'>extitit.</span> <span class='ocrx_word' id='word_1_306' title='bbox 612 2335 627 2355; x_wconf 90' lang='grc'>11</span> <span class='ocrx_word' id='word_1_307' title='bbox 668 2323 814 2368; x_wconf 83' lang='lat' dir='ltr'>quolibet</span> <span class='ocrx_word' id='word_1_308' title='bbox 853 2327 1042 2370; x_wconf 85' lang='lat' dir='ltr'>impetente.</span> <span class='ocrx_word' id='word_1_309' title='bbox 1102 2324 1140 2357; x_wconf 86' lang='lat' dir='ltr'>Et</span> <span class='ocrx_word' id='word_1_310' title='bbox 1180 2328 1233 2370; x_wconf 88' lang='lat' dir='ltr'>qui</span> <span class='ocrx_word' id='word_1_311' title='bbox 1272 2330 1462 2371; x_wconf 82' lang='lat' dir='ltr'>presentem</span> <span class='ocrx_word' id='word_1_312' title='bbox 1498 2330 1644 2359; x_wconf 84' lang='lat' dir='ltr'>nostram</span> <span class='ocrx_word' id='word_1_313' title='bbox 1676 2327 1803 2360; x_wconf 85' lang='lat' dir='ltr'>literam</span> <span class='ocrx_word' id='word_1_314' title='bbox 1834 2327 1874 2360; x_wconf 90' lang='lat' dir='ltr'>de</span> <span class='ocrx_word' id='word_1_315' title='bbox 1904 2326 1989 2361; x_wconf 91' lang='lat' dir='ltr'>bona</span> <span class='ocrx_word' id='word_1_316' title='bbox 2020 2327 2191 2361; x_wconf 81' lang='lat' dir='ltr'>voluntate</span> 
     </span>
     <span class='ocr_line' id='line_1_32' title="bbox 321 2382 2188 2433; baseline 0.004 -19"><span class='ocrx_word' id='word_1_317' title='bbox 321 2382 544 2428; x_wconf 82' lang='lat' dir='ltr'>predictorum</span> <span class='ocrx_word' id='word_1_318' title='bbox 585 2388 768 2428; x_wconf 84' lang='lat' dir='ltr'>emptorum</span> <span class='ocrx_word' id='word_1_319' title='bbox 810 2389 999 2418; x_wconf 88' lang='lat' dir='ltr'>nostrorum</span> <span class='ocrx_word' id='word_1_320' title='bbox 1040 2384 1202 2419; x_wconf 87' lang='lat' dir='ltr'>babuerit.</span> <span class='ocrx_word' id='word_1_321' title='bbox 1242 2386 1285 2419; x_wconf 91' lang='lat' dir='ltr'>illi</span> <span class='ocrx_word' id='word_1_322' title='bbox 1324 2387 1457 2432; x_wconf 89' lang='lat' dir='ltr'>plenum</span> <span class='ocrx_word' id='word_1_323' title='bbox 1483 2388 1539 2430; x_wconf 88' lang='lat' dir='ltr'>jus</span> <span class='ocrx_word' id='word_1_324' title='bbox 1577 2390 1734 2432; x_wconf 87' lang='lat' dir='ltr'>competit</span> <span class='ocrx_word' id='word_1_325' title='bbox 1763 2390 1907 2421; x_wconf 91' lang='lat' dir='ltr'>omnium</span> <span class='ocrx_word' id='word_1_326' title='bbox 1937 2390 2188 2433; x_wconf 87' lang='lat' dir='ltr'>premissorum.</span> 
     </span>
     <span class='ocr_line' id='line_1_33' title="bbox 323 2443 2190 2492; baseline 0.003 -16"><span class='ocrx_word' id='word_1_327' title='bbox 323 2443 537 2476; x_wconf 78' lang='lat' dir='ltr'>Presencium</span> <span class='ocrx_word' id='word_1_328' title='bbox 568 2443 628 2476; x_wconf 72' lang='lat' dir='ltr'>sul)</span> <span class='ocrx_word' id='word_1_329' title='bbox 658 2456 805 2490; x_wconf 63' lang='lat' dir='ltr'>appenso</span> <span class='ocrx_word' id='word_1_330' title='bbox 837 2450 951 2478; x_wconf 84' lang='lat' dir='ltr'>nostro</span> <span class='ocrx_word' id='word_1_331' title='bbox 982 2450 1013 2478; x_wconf 87' lang='lat' dir='ltr'>et</span> <span class='ocrx_word' id='word_1_332' title='bbox 1043 2446 1192 2491; x_wconf 83' lang='lat' dir='ltr'>predicte</span> <span class='ocrx_word' id='word_1_333' title='bbox 1222 2449 1434 2492; x_wconf 83' lang='lat' dir='ltr'>prepositure</span> <span class='ocrx_word' id='word_1_334' title='bbox 1463 2447 1572 2491; x_wconf 76' lang='lat' dir='ltr'>sigillo</span> <span class='ocrx_word' id='word_1_335' title='bbox 1603 2450 1791 2481; x_wconf 87' lang='lat' dir='ltr'>testimonio</span> <span class='ocrx_word' id='word_1_336' title='bbox 1831 2448 2012 2482; x_wconf 88' lang='lat' dir='ltr'>literarum.</span> <span class='ocrx_word' id='word_1_337' title='bbox 2070 2448 2190 2482; x_wconf 85' lang='lat' dir='ltr'>Datum</span> 
     </span>
    </p>
   </div>
   <div class='ocr_carea' id='block_1_9' title="bbox 321 2504 2190 2598">
    <p class='ocr_par' dir='ltr' id='par_1_9' title="bbox 321 2504 2190 2598">
     <span class='ocr_line' id='line_1_34' title="bbox 323 2504 2190 2554; baseline 0.003 -17"><span class='ocrx_word' id='word_1_338' title='bbox 323 2504 432 2537; x_wconf 82' lang='lat' dir='ltr'>Brune</span> <span class='ocrx_word' id='word_1_339' title='bbox 471 2515 558 2537; x_wconf 82' lang='lat' dir='ltr'>anno</span> <span class='ocrx_word' id='word_1_340' title='bbox 598 2505 718 2538; x_wconf 78' lang='lat' dir='ltr'>domini</span> <span class='ocrx_word' id='word_1_341' title='bbox 760 2506 933 2539; x_wconf 81' lang='lat' dir='ltr'>millesimo</span> <span class='ocrx_word' id='word_1_342' title='bbox 972 2510 1209 2539; x_wconf 74' lang='lat' dir='ltr'>trecentesinm</span> <span class='ocrx_word' id='word_1_343' title='bbox 1249 2510 1469 2551; x_wconf 66' lang='lat' dir='ltr'>nonagesimo</span> <span class='ocrx_word' id='word_1_344' title='bbox 1508 2512 1638 2552; x_wconf 83' lang='lat' dir='ltr'>quarto.</span> <span class='ocrx_word' id='word_1_345' title='bbox 1678 2507 1760 2541; x_wconf 78' lang='lat' dir='ltr'>feria</span> <span class='ocrx_word' id='word_1_346' title='bbox 1790 2512 1885 2541; x_wconf 85' lang='lat' dir='ltr'>sexta</span> <span class='ocrx_word' id='word_1_347' title='bbox 1924 2511 2076 2554; x_wconf 83' lang='lat' dir='ltr'>proxima</span> <span class='ocrx_word' id='word_1_348' title='bbox 2115 2512 2190 2542; x_wconf 88' lang='lat' dir='ltr'>ante</span> 
     </span>
     <span class='ocr_line' id='line_1_35' title="bbox 321 2564 737 2598; baseline 0.002 -1"><span class='ocrx_word' id='word_1_349' title='bbox 321 2564 520 2597; x_wconf 82' lang='lat' dir='ltr'>dominicam</span> <span class='ocrx_word' id='word_1_350' title='bbox 553 2564 737 2598; x_wconf 70' lang='lat' dir='ltr'>lnvocaxit.</span> 
     </span>
    </p>
   </div>
   <div class='ocr_carea' id='block_1_10' title="bbox 636 2670 1881 2707">
    <p class='ocr_par' dir='ltr' id='par_1_10' title="bbox 636 2670 1881 2707">
     <span class='ocr_line' id='line_1_36' title="bbox 636 2670 1881 2707; baseline 0.002 -14"><span class='ocrx_word' id='word_1_351' title='bbox 636 2670 707 2695; x_wconf 68' lang='lat' dir='ltr'>(Aue</span> <span class='ocrx_word' id='word_1_352' title='bbox 733 2670 794 2694; x_wconf 74' lang='lat' dir='ltr'>1l¹·111</span> <span class='ocrx_word' id='word_1_353' title='bbox 821 2670 915 2695; x_wconf 55' lang='lat' dir='ltr'>(mih-x</span> <span class='ocrx_word' id='word_1_354' title='bbox 944 2680 969 2698; x_wconf 78' lang='lat'>11‚</span> <span class='ocrx_word' id='word_1_355' title='bbox 998 2671 1055 2695; x_wconf 68' lang='grc'><strong>11114</strong></span> <span class='ocrx_word' id='word_1_356' title='bbox 1084 2671 1110 2695; x_wconf 85' lang='grc'>111</span> <span class='ocrx_word' id='word_1_357' title='bbox 1135 2671 1185 2695; x_wconf 81' lang='lat' dir='ltr'>‹ler</span> <span class='ocrx_word' id='word_1_358' title='bbox 1211 2671 1283 2697; x_wconf 83' lang='grc'><strong>(11111,</strong></span> <span class='ocrx_word' id='word_1_359' title='bbox 1311 2672 1392 2699; x_wconf 74' lang='lat' dir='ltr'>Metr,</span> <span class='ocrx_word' id='word_1_360' title='bbox 1419 2671 1716 2705; x_wconf 60' lang='lat' dir='ltr'>Capitol-Bibitortivi&lt;</span> <span class='ocrx_word' id='word_1_361' title='bbox 1745 2682 1770 2705; x_wconf 76' lang='grc'>11.</span> <span class='ocrx_word' id='word_1_362' title='bbox 1797 2674 1881 2707; x_wconf 48' lang='grc'><strong>3119)</strong></span> 
     </span>
    </p>
   </div>
  </div>
 </body>
</html>
