2313 3090
1045 184 1118 218 469

153 303 272 334 causis.
313 303 343 333 et
383 302 627 333 controversiis
657 302 741 332 inter
770 302 859 344 ipsas
888 302 999 344 partes
1029 296 1277 343 quomodolibet
1309 302 1338 330 et
1369 297 1559 342 specialiter
1588 307 1689 341 super
1715 297 1792 340 jure
1822 301 2015 342 patronatus

151 365 182 394 et
211 360 424 406 presentandi
454 364 622 392 rectorem
654 359 692 391 ad
724 360 901 392 ecclesiam
933 362 964 392 in
994 358 1156 391 Lobczicz
1186 358 1246 391 sub
1276 369 1360 403 pena
1391 369 1449 391 seu
1481 360 1585 402 penis,
1617 368 1714 402 quam
1746 357 1799 390 vel
1829 368 1910 402 quas
1940 358 2017 391 dicti

151 421 273 455 domini
307 419 434 462 arbitri.v
473 419 692 453 arbitratores
722 425 752 453 et
783 419 975 453 amicabiles
1005 421 1250 464 compositores
1280 419 1433 451 duxerint
1465 417 1742 463 prmnulgandaiu
1773 429 1832 451 seu
1863 418 2016 463 promul-

150 481 288 527 gandas.
316 481 445 514 meliori
482 480 593 514 modo.
626 483 691 513 via.
718 481 794 523 jure
824 485 855 513 et
886 480 1004 513 forma.
1035 478 1152 524 quibus
1182 478 1253 512 ficri
1283 483 1387 524 potest
1419 483 1451 512 et
1481 478 1591 516 (leben
1622 478 1662 512 de
1692 479 1756 512 alto
1787 483 1819 512 et
1848 479 1888 512 de
1916 478 2016 513 basso

150 545 465 588 compromiserunt,
504 541 620 575 dantes
656 546 685 574 et
725 542 951 574 concedentes
990 539 1225 574 nichilominus
1263 540 1391 585 prefate
1434 544 1546 585 partes
1593 540 1767 573 antedictis
1810 539 1942 573 arbitris
1986 544 2017 572 et

152 602 380 637 amicabilibus
419 601 713 647 compositoribus.
753 613 812 647 per
849 613 907 635 eos
946 601 1063 634 electis
1102 605 1131 633 et
1162 603 1351 645 assumptis.¹
1383 600 1527 645 plenam,
1558 599 1695 633 liberam
1727 605 1756 632 et
1793 600 2017 633 omnimodam

150 663 337 698 libertatem
374 667 405 696 et
440 666 638 708 potestatem
678 674 778 708 super
817 665 895 707 ipsis
934 664 1055 695 causis.
1092 660 1213 696 litibus.
1252 660 1479 705 questionibus
1509 665 1541 693 et
1570 664 1811 695 controversiis
1841 667 1873 694 et
1902 674 2017 695 earum

151 723 296 770 qualibet
337 723 440 758 semel
484 722 538 756 vel
581 723 704 769 pluries
748 722 1000 768 pronunciandi,
1044 721 1253 755 terminandi.
1297 721 1464 762 laudandi,
1512 720 1705 764 diffiniendi,
1753 721 1943 757 arbitrandi,
1987 727 2019 755 et

150 784 391 828 sentenciandi,
434 782 540 817 verbo
584 784 639 816 vel
679 787 710 817 iu
749 787 879 829 scriptis
918 784 1035 816 stando
1074 783 1128 816 vel
1170 782 1330 823 sedendo,
1374 787 1470 827 prout
1512 785 1590 827 ipsis
1634 782 1801 816 videbitur
1843 784 2017 829 expedire.

151 846 386 880 Promittentes
416 845 502 879 dicte
531 849 658 890 partes
690 844 765 878 liinc
795 845 870 878 iude
900 844 995 878 nobis
1025 846 1162 877 notariis
1193 844 1277 876 infra
1300 845 1433 888 scriptis
1453 842 1596 888 publicis
1617 842 1765 887 legitime
1786 843 2017 889 stipulantibus

151 911 184 941 et
219 905 468 952 recipientibus,
508 908 584 939 vice
624 910 655 938 et
693 908 825 938 nomine
864 908 1020 943 omnium,
1066 914 1204 949 quorum
1248 906 1387 936 interest
1429 903 1484 936 vel
1526 906 1691 936 interesse
1734 907 1864 949 poterit,
1910 905 2018 938 laudo.

150 969 427 1014 pronunciacioni
474 970 505 1000 et
552 966 714 999 mandatis
762 970 862 1004 stare„
906 965 1054 999 obedire.
1099 976 1218 1010 parere
1261 968 1291 997 et
1335 974 1408 996 cum
1452 963 1571 997 effectu
1619 964 1801 1010 adimplere
1849 977 1887 998 ac
1934 966 2019 999 dicta

151 1028 296 1065 laudata.
325 1027 484 1061 arbitrata
514 1031 546 1060 et
576 1027 729 1059 mandata
759 1030 920 1072 perpetuo
952 1025 1044 1059 firma
1066 1030 1098 1058 et
1118 1029 1189 1058 rata
1212 1024 1348 1058 habere.
1371 1029 1487 1057 tencre
1508 1029 1539 1058 et
1560 1025 1800 1059 inviolabiliter
1820 1026 2018 1069 observare,

152 1100 216 1124 nec
253 1100 320 1123 non
357 1087 508 1129 arbitrio.)
545 1087 645 1124 dicto.
686 1087 879 1120 dil'linicioni
909 1098 966 1120 seu
997 1088 1284 1132 pronunciacioni,
1314 1097 1377 1130 que
1407 1088 1492 1118 inter
1521 1090 1633 1131 partes
1663 1089 1751 1131 ipsas
1780 1098 1881 1132 super
1910 1090 2020 1122 causis

152 1149 354 1194 hujusmodi,
370 1160 430 1183 seu
447 1151 626 1182 occasione
647 1160 762 1181 earum
784 1146 1034 1192 emergentibus
1056 1146 1286 1189 laudavernnt‚
1308 1146 1473 1185 dixerunt,
1497 1149 1770 1191 prommciarnnt,
1793 1147 2018 1182 diffiniverunt

155 1222 215 1245 seu
244 1209 394 1244 arbitrati
422 1209 569 1253 fuerunt7
595 1220 716 1254 parere
737 1214 767 1242 et
790 1208 875 1254 quod
897 1211 1003 1242 eciam
1025 1212 1140 1241 contra
1162 1207 1351 1251 hujusmodi
1372 1209 1688 1252 pronunciacionem
1710 1219 1774 1241 nou
1796 1208 2020 1254 appellabunt,

156 1277 211 1306 aut
239 1271 410 1318 appellare
439 1275 699 1317 prosequentur,
730 1282 790 1303 nec
821 1272 1071 1303 restitucionem
1101 1271 1131 1301 iu
1153 1271 1318 1312 integrum
1340 1271 1466 1313 petent,
1488 1267 1642 1312 quodque
1663 1279 1728 1301 uon
1750 1274 1881 1302 utentur
1901 1271 2020 1314 cujus—

154 1344 251 1379 quam
282 1333 366 1377 legis
394 1331 453 1365 vel
480 1334 629 1365 canonis.
661 1333 782 1373 statuti,
813 1335 868 1363 aut.
897 1329 1145 1363 consuetudinis
1190 1327 1366 1371 beneficio⁷
1404 1328 1490 1372 quod
1521 1331 1622 1361 viciet
1651 1339 1709 1362 seu
1739 1332 1866 1362 viciare
1896 1335 2020 1375 possen

153 1398 208 1428 aut
235 1393 422 1438 infringere
451 1392 564 1426 valeat
593 1391 657 1425 lioc
687 1402 826 1437 presens
856 1393 1131 1436 compromissum
1163 1391 1235 1422 sive
1265 1387 1438 1421 arbitrium
1468 1391 1499 1421 in
1530 1393 1631 1421 totum
1662 1389 1717 1422 vel
1745 1393 1776 1423 in
1806 1394 1911 1435 parte,
1947 1393 2020 1424 sive

157 1466 201 1489 ex
237 1455 395 1500 personis
434 1455 793 1498 compromittencium,
832 1454 904 1484 sive
943 1462 986 1484 ex
1024 1460 1168 1495 persona
1207 1451 1440 1494 compromissi
1476 1449 1530 1482 vel
1568 1448 1705 1491 arbitrii,
1745 1462 1808 1495 que
1843 1454 1953 1484 omnia
1991 1456 2023 1484 et

154 1514 286 1561 singula
314 1518 427 1561 partes
457 1513 607 1559 predicte
639 1518 755 1546 tencre
785 1516 816 1545 et
845 1511 1082 1545 inviolabiliter
1112 1509 1298 1543 observare
1319 1513 1554 1555 promiserunt.
1577 1509 1616 1543 Et
1638 1511 1755 1544 eodem
1778 1515 2021 1557 compromisso

154 1579 203 1611 sic
240 1576 328 1610 facto
366 1577 475 1609 statim
514 1573 636 1608 ibidem
674 1573 794 1619 prefati
833 1573 956 1606 domini
995 1574 1156 1616 nmgister
1191 1570 1363 1604 Sanderus
1403 1575 1435 1604 et
1465 1574 1625 1616 magister
1655 1571 1784 1617 Smylo,
1816 1575 1962 1606 vicarius
1992 1577 2023 1606 et
2059 1561 2063 1566 ⁸

156 1636 308 1672 officialis
345 1635 591 1679 olomucensis,
630 1634 757 1671 arbitri*
797 1633 1014 1666 arbitratorcs
1053 1637 1084 1665 et
1113 1631 1305 1665 amicabiles
1335 1634 1591 1677 compositores
1622 1635 1704 1666 sicut
1737 1636 1935 1678 premittitur
1963 1645 2023 1679 per

156 1698 261 1732 dictas
298 1701 411 1743 partes
450 1698 563 1729 vocati
601 1700 633 1729 et
670 1697 841 1740 assumpti.
880 1696 1000 1738 vigore
1040 1692 1229 1736 hujusmodi
1258 1695 1491 1737 compromissi
1521 1695 1552 1726 in
1583 1703 1641 1726 eos
1673 1693 1762 1726 l'acti.
1793 1693 1901 1727 habita
1933 1695 2022 1728 deli-

155 1759 338 1793 beracione
366 1760 453 1791 inter
481 1768 518 1790 se
547 1767 607 1802 pro
637 1755 725 1789 bono
756 1758 846 1800 pacis
877 1758 907 1787 et
937 1753 1116 1787 concordie
1138 1752 1244 1786 verbo
1265 1757 1297 1785 et
1316 1755 1388 1786 sine
1409 1756 1533 1798 scripto
1554 1753 1741 1787 laudarunt.
1763 1758 2025 1799 pronunciarunt

156 1824 189 1854 et
224 1818 373 1853 arbitrati
409 1822 485 1852 sunt
513 1817 573 1851 sub
602 1827 688 1862 pena
718 1816 815 1849 XXX
848 1824 1035 1848 marcarum
1064 1824 1260 1857 grossorum
1292 1816 1453 1847 moi-avici
1484 1817 1612 1847 numeri
1643 1819 1672 1847 ct
1704 1819 1895 1860 pagamenti
1925 1819 2022 1860 parti.

158 1883 283 1914 tenenti
318 1878 450 1913 laudum
487 1882 519 1911 et
557 1880 887 1923 pronunciacionem,
928 1886 987 1920 per
1026 1879 1152 1920 partem
1183 1884 1248 1907 non
1279 1878 1444 1907 tenentem
1476 1874 1712 1908 solvendarum
1744 1878 1773 1908 in
1805 1875 1867 1909 hec
1897 1876 2021 1910 verba:

156 1941 431 1983 Pronunciamus2
462 1939 647 1981 laudamus
679 1938 858 1971 diffinimus
888 1942 917 1969 et
947 1935 1148 1969 arbitramur
1177 1939 1209 1967 et
1238 1934 1447 1977 mandamus
1471 1934 1556 1979 quod
1579 1935 1664 1969 dicte
1686 1941 1796 1981 partes
1818 1941 1893 1970 ante
1914 1940 2023 1970 onmia

157 2005 223 2036 sint.
247 2000 325 2035 boni
354 2005 387 2034 et
424 2002 547 2033 sinceri
586 2002 694 2035 amici,
730 2009 833 2043 seque
873 2000 992 2030 mutuis
1031 1995 1204 2029 favoribus
1236 1999 1265 2027 et
1298 1994 1512 2028 oracionibus
1541 2001 1796 2041 prosequantur.
1828 1997 1908 2031 Item
1939 2009 2024 2042 pro-

157 2065 366 2104 nunciamus,
392 2061 478 2107 quod
510 2060 696 2106 appellaeio
735 2062 765 2092 in
805 2061 874 2104 ipsa
914 2068 1013 2091 causa
1051 2057 1136 2089 l'acta
1167 2058 1207 2089 sit
1236 2055 1323 2088 nulla
1354 2060 1385 2088 et
1415 2059 1548 2089 oumino
1579 2059 1670 2090 irrita
1701 2062 1733 2090 et
1763 2069 1871 2101 cassa,
1903 2063 1931 2091 et
1963 2062 2024 2103 ipsi

157 2123 280 2158 domini
317 2121 476 2157 Nicotaus
513 2121 616 2154 abbas
646 2132 719 2154 cnm
751 2132 810 2153 suo
841 2123 1008 2153 conventu
1039 2116 1159 2150 amodo
1189 2127 1289 2160 super
1314 2117 1390 2159 jure
1422 2121 1614 2161 patronatus
1644 2122 1675 2150 et
1700 2119 1777 2161 jurc
1806 2120 2022 2163 presentandi

160 2184 304 2218 ecclesie
342 2187 374 2217 in
402 2182 566 2216 Lobcziez
596 2181 696 2215 nichil
727 2184 886 2214 innovent
917 2184 969 2212 ant
1001 2181 1194 2222 attemptent
1219 2178 1296 2220 jure
1327 2177 1379 2210 vel
1411 2177 1509 2210 l'acto.
1541 2178 1597 2211 sed
1629 2190 1688 2223 per
1718 2184 1906 2224 presentem
1938 2191 2022 2224 pro-

158 2247 412 2278 nunciacioncm
444 2246 509 2277 sint
539 2245 649 2276 omnin
681 2253 776 2275 cassa
808 2246 837 2274 et
868 2243 985 2286 sopita.
1018 2239 1096 2272 ltem
1127 2241 1400 2283 pronunciarunt.
1432 2238 1606 2271 laudarunt
1635 2243 1666 2271 et.
1695 2239 1908 2283 dil'linieruut,
1938 2241 2023 2285 quod

159 2316 309 2351 expense
330 2309 361 2337 ct
383 2307 532 2348 impense
553 2303 616 2336 litis
638 2307 666 2336 et
690 2305 719 2336 iu
746 2303 801 2336 lite
824 2302 910 2335 facte
932 2303 1111 2333 transeant.
1135 2304 1163 2331 et
1188 2298 1261 2331 liinc
1283 2298 1357 2331 inde
1379 2304 1637 2343 compensentur
1658 2304 1686 2331 et
1711 2303 1772 2333 sint
1796 2306 2024 2345 compensate.

160 2365 265 2407 Quam
296 2364 428 2410 quidem
459 2366 777 2409 pronunciacioiwm
799 2363 884 2396 dicte
905 2366 1016 2407 partes
1038 2371 1115 2393 mox
1137 2359 1256 2391 ibidem
1278 2370 1440 2403 expresse
1463 2359 1754 2402 om«negaverunt.
1775 2360 2023 2394 ratilicaverunt

159 2430 191 2460 et
229 2424 511 2471 approbaverunt.
551 2434 692 2468 eamque
731 2428 834 2456 ratam
874 2427 902 2454 et
940 2426 1068 2465 gratam
1110 2419 1306 2453 lialnierunt.
1343 2424 1373 2451 et
1409 2420 1515 2453 eidem
1547 2432 1666 2465 parere
1696 2425 1921 2466 pi·‹miise1·imt
1951 2434 2024 2455 cum

161 2485 290 2520 effectu.
322 2485 356 2519 In
387 2495 526 2529 quorum
557 2487 703 2517 omnium
735 2488 764 2516 et
796 2483 1001 2527 singulorum
1033 2483 1255 2514 testimonium
1286 2484 1315 2511 et
1348 2479 1477 2513 roboris
1498 2485 1527 2513 et
1552 2480 1711 2514 firmitatis
1733 2493 1872 2526 presens
1894 2485 2022 2515 instru-

161 2551 305 2580 mentum
338 2547 572 2590 compromissi
602 2549 632 2577 et
662 2546 954 2589 pronunciacionis
985 2543 1071 2575 dicte
1101 2546 1194 2586 parte
1225 2552 1285 2573 ima
1317 2553 1390 2574 cum
1421 2541 1515 2574 dictis
1546 2541 1679 2575 arbitris
1710 2554 1768 2587 per
1798 2554 1856 2575 nos
1878 2547 2025 2577 notarios

161 2607 245 2641 infra
282 2610 424 2652 scriptos
460 2605 559 2638 scribi
598 2606 761 2638 itm-eruut.
792 2604 1044 2648 sigillorumque
1075 2613 1209 2634 >nortun
1242 2602 1395 2634 videlicet
1428 2605 1587 2645 magister
1617 2602 1787 2635 Sanderus
1818 2607 1963 2648 proprio,
1995 2609 2028 2637 et

161 2670 322 2712 magister
352 2666 471 2711 Suiylo
502 2665 652 2698 ol'licialis
683 2664 880 2697 ol'licialatus
910 2666 1114 2708 appensione
1141 2663 1308 2703 jusserunt
1342 2665 1561 2695 eonnuuuire.
1602 2664 1687 2695 Aeta
1718 2668 1790 2695 sunt
1829 2663 1888 2696 liec
1926 2676 2024 2703 anuo,
