2313 3090
1044 159 1087 193 41

127 268 341 311 omniumque
381 265 543 299 heredum
587 270 778 298 nostrorum
822 266 1080 310 specialiterque
1123 263 1245 297 domini
1289 261 1441 296 Benessii
1484 262 1524 295 de
1567 260 1710 294 Crawar
1752 264 1855 306 patris
1898 265 2002 295 nostri

129 330 304 370 carissimi,
335 326 535 371 domineque
555 325 730 360 Elizabeth
760 329 873 359 matris
903 330 1029 362 1105110,
1061 325 1184 359 domini
1203 323 1394 358 Wockonis
1424 322 1464 356 de
1495 321 1636 356 Crawar
1665 324 1721 355 avi
1745 324 1851 355 nostri
1871 333 2003 356 necnon

126 388 388 434 subscriptorum
411 387 642 421 dominorum:
664 386 789 420 domini
810 385 1009 420 Benesschii
1029 386 1070 419 de
1092 385 1234 419 Crawar
1255 386 1407 418 canonici
1429 383 1610 428 Pragensis
1626 382 1795 418 Ecclesie.
1814 383 2005 428 dominique

127 449 265 483 Henrici
294 448 417 482 domini
446 451 479 482 in
508 447 682 482 Plumnaw
712 459 750 481 ac
781 448 905 482 domini
933 447 1098 481 ι1011311015
1128 446 1297 480 cruciferi.
1328 449 1521 491 patruorum
1552 449 1745 478 nostrorum
1775 444 1816 478 de
1846 443 2000 478 Crawar.

131 514 164 544 et
192 509 316 543 domini
344 508 507 543 Johannis
537 509 577 543 de
608 508 750 542 Crawar
779 509 901 542 domini
932 512 962 542 iu
993 507 1163 553 Tyczczin
1201 509 1306 540 nostri
1343 505 1547 539 dilectissimi
1576 507 1697 551 patrui,
1737 516 1877 550 quorum
1916 504 2002 539 hona

130 570 353 617 possidemus,
385 573 556 616 cupientes
586 570 851 604 misericordiam
882 571 1118 615 omnipotentis
1157 568 1209 601 dci
1249 579 1291 601 ex
1330 567 1425 600 donis
1463 569 1535 612 ipso
1565 569 1715 612 propicio
1749 565 1845 599 nobis
1875 566 2005 599 collatis

130 634 319 677 graciosius
348 634 541 677 impetrare„
571 642 613 665 ne
643 634 675 664 in
705 634 860 664 examine
886 631 1074 664 discussivo
1096 629 1234 663 districti
1263 631 1313 662 sui
1329 628 1445 672 judicii
1468 638 1627 662 severum
1643 627 1793 672 jndicem
1814 629 2005 660 senciamus

128 695 161 726 et
188 696 223 725 ut
251 691 423 726 animabus
453 694 641 738 genitorum
678 696 882 727 nostrorum.
922 691 1072 733 fratrum,
1108 700 1274 723 sororum.
1304 694 1496 735 patruorum
1528 693 1791 734 cunctorumque
1821 691 2002 722 amicorum

126 757 318 786 nostrorum
355 755 569 798 omniumque
607 752 752 786 fidelium
793 755 949 786 vivorum
990 756 1022 785 et
1060 755 1279 785 mortuorum.
1324 761 1463 795 quorum
1502 761 1564 783 nos
1594 749 1649 783 vel
1687 751 1860 794 genitores
1899 752 2003 783 nostri

125 813 222 847 bonis
259 816 309 847 usi
347 824 472 857 sumus‚
512 813 622 847 debite
659 813 713 847 vel
753 816 872 847 iniuste
911 813 1045 847 domino
1084 815 1156 858 ipso
1194 814 1394 857 permitente
1433 810 1583 856 proficiat
1623 810 1662 844 ad
1693 810 1852 844 salutem:
1892 813 2002 843 animo

127 873 312 908 deliberato
343 874 383 908 de
413 879 504 908 certa
535 879 649 908 nostra
680 877 826 908 sciencia
857 879 887 907 et
917 873 1003 907 bona
1035 884 1073 906 ac
1103 872 1206 906 libera
1237 872 1421 905 voluntate.
1453 871 1637 905 accedente
1667 871 1707 904 ad
1740 870 1805 904 hoc
1836 882 2004 904 consensu

128 933 218 969 Petri
254 934 309 969 filii
346 938 451 969 nostri
488 935 529 969 de
564 934 706 968 Cravvar
736 935 811 969 dicti
842 935 881 969 de
911 934 1046 968 Plumau
1077 939 1106 968 et
1146 933 1421 967 reverendissimi
1456 935 1487 966 111
1518 931 1650 966 Christo
1679 934 1782 977 patris
1812 943 1851 965 ac
1881 932 2004 965 domini

127 995 259 1030 Nicolai
288 995 522 1031 Olomucensis
552 999 700 1042 episcopi
730 996 930 1042 capitulique
970 995 1204 1029 Oloniucensis
1242 996 1487 1027 conveniencia
1516 993 1664 1039 speciali.
1706 997 1803 1038 prout
1832 995 1865 1026 in
1900 992 2003 1026 literis

127 1060 276 1103 ipsorum
315 1057 479 1091 confectis
515 1061 547 1091 et
582 1060 755 1091 concessis
795 1057 939 1103 desuper
977 1060 1093 1102 aparet
1131 1054 1319 1089 manifeste.
1359 1053 1398 1088 ad
1428 1053 1591 1087 honorem
1623 1056 1859 1100 omnipotentis
1889 1053 1941 1087 dei
1971 1057 2003 1087 01

125 1118 304 1152 salvatoris
342 1121 450 1152 nostri
488 1130 527 1152 ac
562 1120 737 1163 genitricis
776 1122 846 1151 eius
885 1118 1034 1162 gloriose
1072 1119 1214 1162 virginis
1242 1115 1349 1150 Marie
1386 1115 1643 1160 specialiterque
1672 1119 1811 1160 propter
1839 1114 2002 1148 moderne

125 1178 368 1225 solempnitatis
397 1179 678 1213 adinvencionem
717 1190 777 1213 seu
816 1181 1074 1219 institucionem,
1114 1177 1342 1222 cuiusquidem
1374 1176 1564 1210 festivitatis
1602 1176 1673 1209 talis
1703 1174 1899 1221 perhibetur
1928 1174 2002 1208 fore

123 1239 248 1286 tytulus
279 1239 490 1285 „Visitaci0“
522 1240 773 1285 elegantissime
803 1242 944 1284 virginis
973 1238 1081 1273 Marie
1110 1241 1142 1272 in
1171 1241 1328 1272 montana
1359 1236 1398 1270 ad
1419 1235 1593 1270 Elizabeth
1620 1247 1740 1281 nempe
1763 1236 1874 1269 cordis
1896 1237 2000 1269 nostri

125 1303 252 1344 intima,
282 1312 405 1346 magne
435 1304 594 1345 caritatis,
625 1312 698 1334 cum
730 1300 902 1334 fervencia
934 1312 995 1333 nos
1025 1300 1214 1346 conpellunt
1245 1299 1437 1344 faciuntque
1458 1297 1630 1331 anhellare
1650 1299 1829 1330 sinceriter
1849 1297 1889 1330 ad
1911 1301 2001 1330 tante

126 1361 305 1407 magnifice
341 1365 594 1408 comparatricis
632 1361 858 1395 laudissonam
890 1362 1117 1395 festivatatem.
1176 1359 1323 1393 Eatenus
1362 1361 1601 1393 monasterium
1632 1362 1782 1392 nostrum
1812 1369 1938 1391 novum
1968 1360 2000 1390 10

124 1425 261 1457 civitate
289 1427 403 1456 nostra
433 1422 595 1469 Prostays
625 1422 685 1456 sub
715 1422 806 1456 titulo
847 1427 879 1456 et
917 1425 1140 1468 inscripcione
1170 1433 1208 1455 ac
1238 1417 1404 1454 vocabulo
1438 1422 1603 1466 premisso
1642 1430 1702 1465 per
1731 1430 1792 1452 nos
1828 1418 1999 1452 fundatum

125 1488 159 1518 et
196 1488 344 1518 erectum
383 1495 444 1530 pro
479 1483 727 1518 inhabitacione
765 1483 904 1517 fratrum
935 1486 1173 1516 canonicorum
1210 1481 1416 1527 regularium
1447 1481 1573 1514 ordinis
1602 1482 1708 1514 sancti
1737 1481 1931 1524 Augustini,
1968 1484 1999 1512 ut

122 1544 245 1579 ibidem
274 1547 464 1591 prepositus
494 1556 567 1578 cum
585 1544 761 1578 duodecim
784 1544 940 1578 fratribus
962 1543 1136 1587 habeatur,
1159 1546 1316 1577 continuo
1338 1542 1450 1576 divine
1471 1544 1602 1588 pietatis
1623 1544 1792 1587 aspirante
1814 1540 1998 1574 clemencia

124 1605 386 1640 construendum
416 1606 571 1639 duximus
601 1610 632 1638 et
662 1608 694 1638 in
724 1608 826 1652 ipsius
848 1610 1015 1639 structura
1041 1605 1165 1638 devoto
1186 1606 1332 1638 caritatis
1353 1603 1461 1637 studio
1481 1602 1705 1648 procedemus
1726 1604 1797 1635 eius
1818 1601 1999 1635 adiuvante

122 1666 282 1713 presidio,
317 1669 372 1712 qui
401 1672 520 1701 cuncta
550 1666 701 1700 felicibus
732 1671 842 1701 100101
879 1669 1106 1700 incrementis.
1165 1664 1206 1699 Et
1235 1669 1268 1698 ut
1311 1664 1387 1698 dicti
1426 1691 1433 1698 .
1475 1691 1481 1698 .
1522 1666 1712 1709 prepositus
1750 1667 1781 1696 et
1811 1666 1999 1696 conventus

122 1731 318 1762 monasterii
348 1730 455 1762 nostri
484 1738 772 1773 successoresque
802 1738 917 1761 eorum
949 1738 988 1761 eo
1019 1729 1168 1773 qniecius
1198 1726 1298 1760 cultui
1327 1725 1441 1759 divino
1462 1735 1588 1758 vacare
1607 1723 1743 1758 valeant
1763 1727 1862 1768 atque
1882 1722 1999 1756 laudes

122 1787 272 1823 liberiori
301 1792 411 1823 animo
441 1789 504 1823 deo
534 1794 568 1823 ut
597 1789 808 1835 depromant,
839 1800 904 1834 quo
936 1789 1053 1822 melius
1084 1792 1116 1821 et.
1144 1787 1369 1821 sufficiencius
1399 1784 1638 1831 temporalibus
1677 1784 1846 1829 suffragiis
1876 1783 1996 1817 fuerint

123 1849 237 1893 adiuti,
267 1850 361 1884 dictis
397 1877 403 1884 .
433 1879 440 1884 .
473 1853 643 1896 preposito
673 1854 705 1884 et
735 1853 916 1884 conventui
947 1862 985 1883 ac
1016 1851 1220 1882 monasterio
1249 1850 1397 1894 ipsorum
1428 1849 1460 1880 in
1479 1850 1677 1893 perpetuum
1699 1848 1824 1879 curiam
1846 1849 1996 1878 nostram

122 1910 339 1945 collonariam
377 1910 499 1945 ibidem
539 1914 571 1945 in
606 1910 767 1957 Prostavs
805 1915 881 1944 ante
920 1913 1089 1944 civitatem
1128 1912 1304 1951 iacentem,
1344 1919 1408 1954 que
1437 1907 1540 1951 vulgo
1570 1906 1707 1952 Kopecz
1736 1909 1891 1939 vocatur.
1922 1915 1996 1938 cum

122 1970 275 2006 omnibus
309 1974 401 2017 agris
439 1972 534 2006 cultis
574 1977 605 2005 et
643 1972 774 2006 incultis
805 1974 996 2017 ceterisque
1026 1971 1184 2016 deinceps
1215 1970 1254 2003 ad
1285 1969 1424 2003 eandem
1455 1967 1682 2014 spectantibus
1713 1969 1852 2000 curiam.
1883 1965 1996 2011 quali-

121 2042 264 2077 cumque
302 2037 503 2067 censeantur
540 2036 687 2077 0001100ἓ
724 2033 897 2067 tribuimus
927 2037 957 2066 et
988 2032 1162 2074 donamus⁷
1201 2033 1272 2076 ipsa
1310 2034 1422 2063 tamen
1451 2040 1525 2062 cum
1555 2039 1634 2062 area
1663 2039 1723 2062 seu
1752 2027 1840 2063 1000,
1870 2029 1901 2059 10
1931 2037 1996 2071 quo

120 2095 226 2138 ipsum
261 2093 549 2140 propugnaculum
589 2093 649 2127 fuit
687 2096 842 2128 situatum
882 2104 1014 2127 necnon
1054 2097 1083 2126 et
1124 2092 1249 2126 fossato
1288 2093 1560 2125 circumiacente.
1599 2088 1685 2134 quod
1715 2087 1852 2121 Halterz
1892 2087 1995 2130 vulgo

120 2156 321 2197 nominatur,
351 2154 447 2188 villas
477 2166 610 2200 quoque
639 2159 771 2189 nostras
801 2157 951 2199 integras
981 2153 1136 2188 Crassicz
1166 2164 1240 2186 00111
1271 2155 1338 2185 5015
1368 2150 1520 2184 omnibus
1550 2152 1765 2196 pertinenciis
1795 2153 1827 2182 et
1848 2148 1995 2181 dominio

120 2217 224 2260 pratis
252 2217 386 2260 pascuis
416 2219 509 2260 aquis
539 2216 655 2249 rivulis
685 2220 717 2249 et
746 2227 906 2261 aquarum
937 2214 1134 2249 decursibus
1163 2213 1370 2258 singulisque
1400 2210 1619 2257 proventibus
1650 2214 1681 2243 et
1710 2208 1914 2251 0111113111105,
1951 2208 1994 2241 011

120 2275 216 2310 001115
251 2280 284 2309 01
321 2275 499 2310 heredibus
538 2280 660 2310 nostris
696 2288 756 2311 500
795 2276 1050 2311 successoribus
1087 2277 1301 2321 proprietatis
1331 2277 1383 2306 ant
1415 2273 1548 2306 dominii
1583 2271 1614 2304 in
1653 2273 1884 2316 prenominata
1915 2269 1993 2302 villa

120 2341 351 2378 reservantes,
381 2348 512 2370 necnon
542 2337 732 2371 molendinu
751 2338 894 2371 meidem
924 2337 1002 2371 ville
1033 2337 1190 2370 adiacens
1219 2346 1293 2369 cum
1324 2337 1392 2369 suis
1420 2333 1534 2366 usibus
1565 2337 1594 2366 et
1619 2334 1835 2378 pertinenciis
1865 2331 1994 2364 damus.

119 2397 332 2444 presentibus
376 2402 408 2432 et
450 2400 672 2443 assignamus.
730 2398 870 2444 Insuper
909 2399 1020 2432 villam
1056 2402 1206 2431 nostram
1244 2396 1492 2442 Mysleyowicz
1535 2405 1609 2427 cum
1646 2392 1790 2426 3110111311
1829 2395 1921 2425 curia
1961 2396 1991 2424 et

119 2458 310 2493 molendino
339 2462 437 2504 atque
463 2462 600 2504 piscina,
630 2462 733 2505 pratis
762 2462 898 2506 pascuis
928 2459 1045 2492 rivulis
1075 2457 1321 2504 piscacionibus
1351 2454 1633 2502 ancupacionilms
1659 2453 1816 2487 censibus
1836 2463 1993 2499 proven-

117 2519 204 2554 tibus
225 2524 255 2553 et
275 2522 444 2554 universis
466 2520 659 2554 utilitatibus
680 2532 753 2554 cnm
775 2521 874 2566 pleno
897 2521 1042 2554 dominio
1064 2525 1096 2553 et
1112 2521 1201 2564 jure.
1231 2518 1331 2552 nichil
1353 2516 1447 2551 nobis
1470 2514 1649 2549 heredibus
1670 2513 1993 2559 successoribusque

118 2583 241 2615 nostris
279 2582 365 2624 juris
408 2591 467 2614 scu
510 2580 644 2614 dominii
687 2584 719 2614 in
762 2585 993 2627 prenominata
1037 2581 1114 2615 villa
1158 2582 1387 2619 reservantes,
1432 2577 1547 2610 damus
1583 2579 1611 2609 et
1651 2578 1739 2609 serie
1777 2577 1990 2620 presencium

118 2643 331 2686 assignamus
370 2644 573 2675 monasterio
612 2647 810 2685 memorato,
845 2642 1036 2687 silvamque
1067 2642 1105 2675 ad
1141 2640 1281 2674 eandem
1312 2638 1423 2672 villam
1454 2640 1660 2682 spectantem
1691 2646 1764 2669 cum
1796 2638 1864 2669 suis
1894 2638 1990 2669 metis

1829 2698 1844 2722 6
