2313 3090
1059 200 1132 234 443

1038 358 1145 393 500.

164 439 238 473 Das
281 438 423 471 Kloster
464 437 594 470 Fulnelf
636 437 792 470 seleliesst
835 439 892 469 mil
934 437 1007 470 dem
1050 437 1192 470 Kloster
1236 436 1402 469 Pastimei·
1449 435 1734 478 Confralerteildl.
1795 432 1850 466 Dt.
1898 430 2024 465 Fulnelr

886 497 942 532 13.
977 497 1169 532 December
1201 496 1311 531 1398.

316 574 367 631 In
406 596 459 630 dei
488 598 623 629 nomine
653 606 761 628 amen.
810 594 973 636 Quoniam
1005 595 1186 628 secundum
1218 594 1404 639 apostolum
1435 603 1552 625 omnes
1581 602 1679 625 unum
1711 602 1832 636 corpus
1861 593 1964 624 simus
1994 593 2025 623 in

160 656 307 701 Christo„
351 657 511 691 debemus
550 659 698 690 caritatis
737 656 893 702 operibus
932 656 1106 689 intendere
1144 654 1329 688 ferventer.
1373 665 1414 687 ne
1453 653 1642 686 scindamur
1680 651 1720 685 ab
1749 651 1845 685 huius
1874 654 2026 697 corporis

159 722 296 762 unitate,
339 730 402 764 que
442 718 621 752 ecclesiam
661 721 768 761 magis
806 717 869 751 illis
903 717 1024 750 faciunt
1055 718 1263 750 necessario.
1294 717 1347 759 qui
1378 717 1441 747 iam
1472 717 1566 747 extra
1598 717 1716 746 statum
1748 712 1897 746 merendi
1927 714 2023 758 positi

157 782 407 814 transeuncium
435 790 598 825 penarum
626 778 811 812 subduntur
839 781 956 822 rigori.
987 777 1130 810 Proinde
1161 787 1244 821 ergo
1275 774 1370 809 nobis
1400 775 1493 808 fratri
1522 773 1677 808 Jolianni.
1712 776 1881 819 preposito
1904 784 2026 806 mona-

159 843 251 875 sterii
279 845 395 874 sancte
425 844 456 874 et
484 839 656 873 individue
687 841 838 872 trinitatis
868 841 1106 872 canonicorum
1136 838 1340 882 regularium
1363 839 1393 869 in
1416 834 1556 869 Futnek.
1579 834 1704 868 ordinis
1724 834 1812 868 beati
1834 835 2026 879 Augustini.¹

161 901 395 936 Olomucensis
424 901 581 947 dyocesis
612 905 643 933 et
673 899 829 934 fratribus
859 903 980 934 nostris
1010 900 1089 933 utile
1119 903 1149 932 et
1180 897 1313 931 salubre
1343 900 1450 930 visum
1482 896 1551 930 fuit.
1581 896 1667 940 quod
1690 906 1749 941 pro
1771 898 1875 928 nostri
1896 906 2027 928 necnon

159 961 374 1008 Pustymyer‚
405 964 602 996 monasterii
622 962 770 995 eiusdem
795 961 962 1006 dyocesis
985 962 1231 1006 preteritarum,
1254 961 1463 1004 presencium
1487 962 1517 990 et
1538 956 1723 990 futurarum
1753 956 1828 991 isici
1850 955 2022 989 sororibus

160 1022 326 1057 defunctis
354 1022 512 1068 suffragia
543 1026 573 1056 in
605 1025 725 1056 missis.
770 1022 904 1068 psalmis
934 1026 963 1055 et
995 1020 1208 1054 oracionibus
1238 1022 1362 1053 sanctis
1392 1018 1521 1052 fierent.
1552 1022 1713 1063 quatenus
1743 1017 1859 1050 eedem
1891 1028 2027 1050 sorores

159 1087 275 1129 gracia
322 1084 375 1118 dei
411 1084 593 1130 opitulante
632 1083 674 1117 ad
714 1087 806 1117 curie
846 1084 980 1116 celestis
1018 1082 1138 1127 gaudia
1179 1080 1323 1114 celerius
1362 1082 1589 1125 pervenirent.
1646 1078 1696 1112 De
1736 1077 1873 1111 fratrum
1913 1080 2023 1122 itaque

159 1149 350 1179 nostrorum
386 1157 517 1180 necnon
557 1145 680 1179 devote
719 1144 945 1189 religiositatis
984 1144 1115 1176 domine
1145 1142 1281 1175 Judcze.
1326 1140 1493 1174 abbatisse
1524 1142 1716 1173 monasterii
1746 1142 1967 1184 prenominati
1997 1143 2028 1171 et

158 1211 346 1241 conventus
374 1210 476 1252 ipsius
497 1209 720 1240 connivencia
742 1211 772 1239 et
794 1216 960 1238 consensu
983 1207 1014 1237 in
1036 1204 1170 1237 domino
1193 1206 1278 1236 inter
1298 1213 1358 1236 nos
1379 1202 1587 1235 fraternitate
1608 1204 1778 1233 contracta
1801 1200 2024 1234 decrevimus.

160 1272 194 1301 ut.
223 1278 361 1302 sorores
389 1267 544 1313 professe
572 1270 668 1301 unius
697 1266 751 1300 vel
781 1266 922 1311 plurium
953 1266 1090 1310 predicti
1120 1266 1313 1297 monasterii
1343 1263 1394 1296 die
1425 1262 1531 1295 obitus
1561 1264 1708 1295 intimato
1738 1261 1856 1306 psalmi
1877 1264 2027 1294 consueti

159 1328 289 1364 scilicet
321 1328 450 1374 „verba
480 1329 577 1362 mea“
610 1332 640 1361 et
671 1333 783 1361 cetera
814 1330 844 1360 in
875 1326 1017 1371 capitulo
1047 1326 1152 1359 lectis.
1193 1325 1316 1369 vigiliis
1346 1328 1375 1357 in
1406 1324 1510 1357 choro
1541 1327 1572 1356 et
1601 1326 1632 1356 in
1663 1325 1762 1356 missa
1792 1321 2024 1355 defunctorum

160 1401 221 1437 pro
249 1393 353 1436 ipsius
381 1401 441 1424 seu
469 1393 616 1435 ipsarum
648 1388 820 1422 animabus
850 1391 992 1422 cantata.
1024 1390 1269 1431 consequenter
1298 1384 1432 1430 quilibet
1463 1384 1674 1417 sacerdotum
1706 1387 1776 1428 ipso
1806 1382 1860 1415 vel
1889 1382 1952 1416 alio
1975 1382 2026 1415 die

160 1452 250 1497 leget
279 1463 377 1486 unam
408 1454 554 1485 missam.
593 1451 766 1496 dyacones
795 1460 879 1483 vero
909 1447 1144 1493 subdyacones
1175 1451 1205 1480 et
1235 1446 1364 1479 accoliti
1394 1456 1491 1478 unam
1523 1448 1792 1490 quinquagenam
1822 1444 2025 1489 psalmorum

161 1518 194 1547 et
220 1512 342 1547 fratres
372 1515 531 1546 conversi
561 1516 693 1546 centum
724 1511 908 1544 dominicas
938 1512 1115 1542 oraciones
1147 1519 1219 1541 cum
1251 1507 1384 1540 totidem
1417 1518 1480 1540 ave
1510 1506 1614 1540 Maria
1645 1505 1836 1551 explebunt.
1885 1504 2026 1550 Insuper

160 1573 368 1608 addicientes
397 1576 502 1607 eciam
533 1584 577 1606 ex
605 1572 743 1618 speciali
773 1574 899 1616 gracia.
940 1570 1024 1615 quod
1057 1581 1130 1602 eum
1161 1569 1269 1602 obitus
1298 1571 1393 1601 unius
1423 1567 1476 1600 vel
1508 1567 1647 1612 plurium
1679 1577 1831 1599 sororum
1862 1568 2028 1598 intimatus

161 1634 256 1669 nobis
290 1634 401 1674 fuerit,
445 1637 579 1679 triginta
623 1636 741 1667 missas
781 1636 811 1666 in
850 1634 1016 1665 communi
1056 1641 1277 1676 peragemus:
1336 1632 1365 1662 in
1405 1629 1458 1662 ‹lie
1496 1632 1605 1661 autem
1641 1629 1874 1660 anniversario
1914 1626 2029 1671 psalmi

159 1697 311 1742 predicti,
340 1697 457 1741 vigilie
487 1698 635 1730 minores
665 1700 696 1729 et
728 1706 790 1728 una
823 1698 946 1727 tantum
979 1696 1077 1726 inissa
1109 1691 1168 1725 sub
1199 1695 1276 1724 nota
1306 1694 1377 1723 sine
1407 1688 1704 1723 commendacione
1735 1687 1944 1721 tenebuntur.
1967 1689 2029 1720 nisi

161 1762 239 1792 tunc
267 1760 340 1803 quis
369 1757 474 1791 vellet
502 1760 637 1790 missam
667 1756 847 1802 specialem
879 1755 1006 1799 legere.
1039 1753 1124 1797 quod
1155 1763 1220 1786 non
1250 1751 1476 1797 improbamus
1505 1749 1564 1783 sed
1594 1749 1776 1782 laudamus.
1799 1748 1879 1782 Item
1902 1748 2029 1781 decre-

161 1822 272 1853 vimus
300 1818 507 1853 addicientes
536 1818 575 1851 ad
606 1820 781 1863 premissa.
812 1821 843 1849 ut
874 1818 1052 1860 participes
1082 1812 1271 1846 efficiamini
1302 1815 1332 1845 in
1363 1815 1430 1844 vita
1461 1813 1584 1856 pariter
1605 1814 1634 1843 ct
1658 1813 1689 1843 in
1711 1814 1817 1842 morte
1839 1812 2027 1851 missarunn

163 1883 367 1914 oracionum.
411 1879 704 1913 abstinenciarum.
749 1877 951 1921 vigiliarum.
996 1875 1252 1908 elemosinarum
1298 1875 1509 1917 omniumque
1548 1871 1723 1905 bonorum.
1766 1881 1829 1916 que
1868 1872 1899 1903 in
1930 1870 2028 1902 domo

161 1945 275 1975 nostra
311 1951 393 1986 sepe
423 1941 507 1974 dicta
538 1951 598 1985 per
627 1944 803 1985 presentes
833 1943 862 1971 et
894 1938 1023 1970 futuros
1053 1940 1186 1969 nostros
1217 1934 1327 1967 divina
1359 1933 1550 1977 dignabitur
1578 1932 1759 1965 clemencia
1789 1942 1933 1977 operari.
1992 1929 2026 1963 lu

161 2004 401 2049 premissorum
449 2004 596 2035 omnium
643 2002 869 2034 testimonium
912 2002 1059 2032 nostrum
1104 2001 1134 2029 et
1177 1999 1363 2028 conventus
1406 1997 1508 2027 nostri
1551 1993 1656 2037 sigilla
1701 1991 1911 2038 presentibus
1955 1995 2031 2024 sunt

162 2074 320 2110 appensa.
377 2062 497 2097 Datum
534 2067 566 2095 et
603 2066 712 2095 actum
751 2064 782 2094 in
823 2061 1028 2093 monasterio
1069 2062 1182 2090 nostro
1221 2056 1421 2089 Fulnecensi
1451 2066 1537 2088 anno
1567 2055 1689 2087 domini
1720 2054 1895 2087 millesimo
1926 2049 2027 2086 CCC⁰

163 2126 384 2169 nonagesimo
413 2128 547 2165 octavas
577 2125 608 2156 in
638 2123 691 2155 die
720 2126 836 2155 sancte
867 2120 966 2154 Lucie
997 2121 1138 2163 virginis
1168 2130 1206 2150 ac
1238 2119 1382 2150 martiris
1411 2116 1569 2160 gloriose.

476 2228 569 2262 (Orig.
594 2228 678 2262 Pei-g.
706 2228 720 2253 2
747 2236 782 2252 an
808 2227 890 2259 Perg.
917 2224 1039 2251 Streil'eii
1065 2224 1092 2251 li,
1117 2223 1182 2249 sehr
1207 2223 1342 2247 verletzte
1367 2222 1424 2251 Sus,
1452 2221 1485 2245 im
1505 2219 1655 2246 t'i'irsterzb.
1673 2219 1798 2245 Areliivo
1815 2219 1842 2244 iu
1862 2217 2028 2251 Kreinsier.)

1040 2370 1147 2405 501.

824 2450 917 2494 Pray
946 2449 1005 2483 23.
1039 2447 1229 2481 December
1261 2445 1369 2479 1398.

321 2530 528 2594 'larkgral'
553 2547 685 2594 Prokop
715 2547 856 2581 erolsnet
885 2547 946 2580 den
979 2544 1235 2579 Sechsstadten.
1267 2543 1342 2575 dass
1374 2541 1437 2574 ihm
1469 2540 1516 2573 als
1546 2551 1621 2573 vom
1645 2539 1775 2583 Konige
1796 2541 2026 2582 eingcsetzten

164 2612 346 2658 „obersten
383 2609 591 2643 Verweser“
631 2608 717 2642 vielc
755 2607 886 2651 Klagen
925 2606 1088 2640 zukamen
1129 2603 1211 2637 iiber
1248 2603 1504 2645 Plunderunqen
1545 2600 1607 2634 und
1650 2599 1934 2643 Verwiistungen.
1975 2599 2027 2631 die

165 2683 243 2707 vom
289 2671 451 2706 Schlosse
486 2670 633 2711 Pnonow5
677 2669 735 2702 das
774 2672 804 2702 in
843 2669 902 2701 der
937 2667 1086 2701 Zittauer
1125 2665 1247 2709 Vogtei
1287 2664 1429 2709 ‹gelegen
1471 2665 1520 2695 ist.
1565 2664 1643 2694 weit
1683 2661 1746 2694 und
1786 2660 1866 2693 breit
1908 2659 2027 2693 vertibt

1861 2719 1919 2746 5⁴5*
