2313 3090
1200 194 1274 228 300

296 312 360 334 seu
399 300 607 334 condicionis
647 302 828 333 extiterint.
872 299 1112 333 ecclesiasticis
1151 303 1183 332 et
1222 298 1409 342 mundanis,
1452 299 1539 344 quod
1570 302 1600 332 in
1630 299 1849 345 prejudicium
1882 298 2066 332 molestiam
2096 300 2172 332 sive

298 362 478 407 dampnum
518 361 593 394 dicti
631 360 761 394 Nicolai
799 363 947 406 episcopi
985 359 1220 393 Olomucensis
1258 370 1494 394 successorum
1533 371 1669 394 suorum
1699 363 1935 406 episcoporum
1965 364 1998 393 et
2026 359 2172 394 ecclesie

299 422 535 456 Olomucensis
575 426 730 467 pretextu
768 422 930 455 dictorum
970 420 1125 454 fortalicii
1162 420 1382 455 Drzewczicz
1416 420 1570 455 villarum
1606 421 1770 455 bonorum
1811 419 1980 455 hominum
2011 431 2172 465 agrorum

294 494 506 517 annonarum
537 487 689 526 segetum
720 493 879 515 censuum
909 482 1096 515 reddituum
1119 481 1305 515 libertatum
1323 482 1446 526 jurium
1468 486 1499 516 et
1519 487 1742 528 proventuum
1764 482 1947 516 eorundem
1968 481 2173 527 peramplius

299 544 378 577 nihil
410 544 529 577 faciant
559 543 613 576 vel
644 547 840 588 attemptent
869 542 989 583 verboi
1019 542 1108 576 facto
1137 553 1197 575 seu
1226 542 1308 576 alias
1337 545 1456 587 quovis
1485 545 1620 588 ingenio
1638 543 1756 577 fraude
1776 543 1943 577 violencia
1964 545 2037 576 sive
2058 541 2174 576 colore

301 607 450 650 quesitis.
481 604 521 637 Et
551 606 724 648 signanter
753 603 794 637 ad
825 603 1004 637 tollendum
1036 607 1125 637 circa
1156 606 1317 649 premissa
1348 608 1380 637 et
1409 614 1510 649 super
1539 604 1664 638 eisdem
1696 615 1830 637 omnem
1861 603 2004 638 futuram
2034 602 2174 637 involu-

300 668 434 698 cionem
474 667 646 697 accionem
686 667 883 697 instanciam
923 669 954 697 et
994 664 1169 698 dubietatis
1200 667 1372 698 materiam
1402 664 1588 709 predictum
1617 664 1817 699 fortalicium
1847 664 2070 698 Drzewczicz
2096 673 2174 697 cum

301 726 390 759 villis
434 724 653 758 Drzewczicz
697 729 729 758 et
771 724 952 770 Popowicz
995 725 1171 759 antedictis
1214 730 1244 759 et
1287 725 1426 770 singulis
1469 728 1615 771 ipsorum
1647 726 1779 770 juribus
1818 725 1979 760 fructibus
2017 724 2174 760 censibus

301 786 485 819 redditibus
516 785 734 832 proventibus
764 786 996 819 emolumentis
1029 790 1061 819 et
1089 789 1317 832 pertinenciis,
1361 791 1458 832 prout.
1486 789 1592 821 eciam
1622 790 1654 821 in
1684 788 1756 821 aliis
1784 787 1889 821 literis
1918 789 2041 821 nostris
2069 788 2175 831 regiis

304 850 458 892 superius
488 851 719 892 expressatur,
750 849 782 880 in
812 857 990 892 personam
1021 846 1098 880 dicti
1128 846 1332 880 venerabilis
1362 846 1490 881 Nicolai
1520 851 1668 894 episcopi
1699 847 1934 882 Olomucensis
1963 846 2025 881 sibi
2053 851 2086 881 et
2114 857 2175 881 sue

302 908 485 953 episcopali
515 919 628 942 mense
659 913 691 941 et
720 911 788 942 suis
818 907 1073 941 successoribus
1104 908 1338 942 Olomucensis
1368 908 1513 942 ecclesie
1542 912 1709 955 episcopis
1739 911 1850 942 animo
1880 907 2078 950 deliberato,
2108 917 2176 941 non

303 979 363 1013 per
401 979 552 1002 errorem
583 973 636 1002 aut
666 969 866 1014 improvide,
910 968 969 1002 sed
999 979 1080 1002 sano
1112 973 1302 1002 nostrorum
1333 972 1517 1015 principum
1548 970 1706 1004 nobilium
1736 974 1769 1003 et
1796 969 1960 1003 baronum
1989 968 2176 1003 accedente

304 1030 445 1063 consilio
476 1029 517 1063 de
547 1034 638 1063 certa
669 1034 782 1064 nostra
813 1033 959 1064 sciencia
990 1030 1031 1063 de
1060 1040 1150 1063 novo
1179 1033 1347 1064 univimus
1377 1030 1618 1076 applicavimus
1647 1031 1861 1075 adjunximus
1881 1031 2176 1076 incorporavimus

300 1094 333 1123 et
363 1089 649 1133 confirmavimus,
680 1094 810 1124 unimus
840 1094 1048 1125 annectimus
1078 1095 1333 1137 incorporamus
1365 1091 1568 1137 applicamus
1588 1097 1750 1138 perpetue
1771 1096 1804 1125 et
1824 1096 1942 1125 tenore
1962 1092 2176 1137 presencium

300 1150 547 1185 confirmamus
579 1163 639 1197 per
668 1151 789 1185 dictum
819 1151 993 1185 Nicoluam
1016 1151 1276 1186 Olomucensem
1297 1155 1490 1198 episcopum
1510 1163 1656 1198 suosque
1677 1156 1708 1187 in
1730 1152 1848 1187 eadem
1870 1152 2014 1186 ecclesia
2030 1161 2176 1186 succes-

298 1223 396 1246 sores
427 1224 465 1246 ac
495 1213 672 1246 ecclesiam
704 1212 964 1247 Olomucensem
985 1213 1026 1247 ad
1048 1213 1272 1259 episcopalem
1295 1224 1444 1247 mensam
1466 1213 1591 1259 absque
1612 1217 1731 1260 quavis
1752 1214 1963 1248 alienacione
1983 1199 2175 1247 habendum

301 1274 481 1307 tenendum
524 1273 749 1307 utifruendum
781 1286 819 1308 ac
849 1277 921 1308 sine
951 1279 1078 1317 nostra,
1123 1274 1284 1308 heredum
1315 1280 1347 1310 et
1377 1286 1612 1309 successorum
1642 1280 1834 1309 nostrorum
1864 1285 1982 1320 regum
2012 1272 2177 1308 Bobemie

301 1346 340 1368 ac
380 1334 602 1380 quorumlibet
641 1335 779 1369 aliorum
817 1338 1030 1381 impeticione
1066 1336 1219 1370 molestia
1256 1337 1309 1370 vel
1345 1336 1472 1371 offensa
1509 1338 1680 1382 perpetuis
1719 1335 1925 1381 temporibus
1964 1346 2039 1369 cum
2077 1334 2177 1380 plena

300 1395 439 1429 utilitate
464 1396 706 1440 jurisdiccione
736 1400 834 1442 atque
864 1397 1012 1430 dominio
1042 1399 1153 1442 quiete
1182 1396 1289 1431 libere
1319 1402 1350 1431 et
1378 1396 1516 1444 pacifice
1545 1396 1797 1443 possidendunu
1832 1399 1921 1431 omni
1951 1398 2176 1441 exempcione

301 1456 455 1491 libertate
498 1456 644 1491 dominio
683 1457 827 1491 seculari
864 1457 1108 1502 jurisdiccione
1147 1460 1224 1503 jure
1268 1458 1367 1493 modo
1411 1463 1441 1492 et
1483 1459 1602 1501 forma‚
1647 1458 1765 1503 quibus
1807 1457 1848 1492 ab
1890 1457 1968 1492 olim
2008 1458 2177 1503 episcopis

299 1517 581 1552 Olomucensibus
611 1529 671 1564 pro
702 1523 853 1564 tempore
883 1523 996 1553 cetera
1026 1519 1112 1553 bona
1143 1520 1287 1554 ecclesie
1317 1519 1551 1554 Olomucensis
1580 1522 1611 1552 in
1641 1518 1779 1553 Boemia
1809 1518 1849 1552 ad
1879 1529 2028 1552 mensam
2059 1528 2177 1551 eorum

298 1582 493 1625 spectancia
514 1579 696 1613 secundum
719 1579 859 1613 formam
883 1580 1136 1626 privilegiorum
1158 1583 1238 1627 ipsis
1258 1585 1290 1614 et
1310 1580 1455 1614 ecclesie
1477 1579 1692 1614 Olomucensi
1708 1591 1769 1625 per
1785 1590 1846 1614 nos
1862 1583 1894 1613 et
1909 1578 2178 1625 predecessores

298 1644 436 1673 nostros
475 1639 638 1674 Bobemie
676 1652 778 1685 reges
815 1641 961 1687 desuper
999 1641 1150 1675 datorum
1191 1646 1223 1675 et
1261 1652 1502 1676 concessorum
1537 1641 1694 1675 habuisse
1731 1643 1879 1675 tenuisse
1915 1645 1948 1674 et
1983 1638 2177 1686 possedisse

303 1701 468 1735 hactenus
497 1701 726 1736 dinoscuntur.
774 1701 863 1736 Nulli
893 1714 977 1747 ergo
1007 1702 1176 1737 hominum
1208 1703 1306 1736 liceat
1335 1702 1422 1736 hanc
1450 1707 1564 1736 nostre
1593 1705 1819 1736 restitucionis
1848 1704 1981 1735 unionis
2009 1703 2177 1746 incorpo-

300 1765 447 1796 racionis
489 1763 728 1809 applicacionis
774 1768 806 1797 et
848 1764 1045 1798 donacionis
1084 1767 1190 1798 nostri
1226 1767 1311 1809 regii
1348 1775 1533 1799 consensus
1571 1763 1798 1797 libertae-ionis
1835 1767 1868 1797 et
1906 1761 2178 1796 confirmacionis

302 1826 457 1869 pagiuam
498 1823 695 1869 infringere.
740 1828 794 1857 aut
833 1827 880 1858 eis
919 1824 1167 1870 quomodolibet
1205 1836 1287 1859 ausu
1326 1828 1506 1859 temerario
1535 1827 1714 1858 contraire.
1772 1823 1808 1858 Si
1838 1826 1910 1869 quis
1939 1827 2050 1858 autem
2079 1833 2178 1858 secus

302 1889 502 1930 attemptare
548 1888 801 1931 presumpserit.
846 1890 961 1931 preter
1002 1886 1273 1930 indignacionem
1317 1891 1465 1921 nostram
1503 1887 1739 1931 gravissimam
1777 1896 1898 1931 penam
1937 1887 2178 1930 quinquaginta

303 1956 491 1979 marcarum
532 1949 603 1979 auri
640 1949 711 1992 puri
741 1957 777 1980 se
807 1949 939 1980 noverit
970 1946 1227 1980 irremisibiliter
1255 1950 1478 1990 incursurum,
1507 1957 1645 1992 quarum
1678 1946 1888 1980 medietatem
1918 1945 2043 1991 regalis
2072 1947 2179 1980 nostri

304 2009 404 2040 erarii
447 2009 520 2040 sive
564 2006 646 2041 fisci.
692 2007 858 2041 residuam
909 2018 993 2041 vero
1036 2012 1164 2054 partem
1208 2007 1328 2054 prefati
1366 2010 1515 2054 episcopi
1551 2011 1582 2041 et
1618 2018 1854 2041 successorum
1890 2017 2026 2041 suorum
2063 2005 2179 2041 usibus

305 2066 518 2101 decernimus
556 2067 726 2113 applicari.
783 2067 999 2102 Presencium
1037 2068 1097 2102 sub
1133 2073 1229 2114 regie
1268 2073 1382 2103 nostre
1421 2070 1604 2114 majestatis
1633 2069 1742 2114 sigillo
1773 2071 1963 2103 testimonio
1994 2067 2176 2103 literarum.

302 2127 424 2161 Datum
455 2127 563 2173 Frage
585 2127 671 2162 an‘no
694 2129 817 2162 domini
840 2129 1014 2163 millesimo
1035 2133 1273 2164 trecentesimo
1294 2133 1514 2175 nonagesimo
1535 2134 1644 2164 sexto
1667 2130 1720 2164 dic
1740 2130 1853 2164 ultima
1873 2129 1974 2175 Junii‚
1992 2140 2177 2176 regnorum

304 2193 497 2222 nostrorum
528 2200 616 2223 anno
647 2189 809 2223 Bobemie
840 2192 1008 2224 tricesimo
1039 2195 1169 2236 quarto,
1199 2191 1428 2225 Romanorum
1459 2202 1542 2224 vero
1571 2193 1746 2225 vicesimo.

618 2356 692 2390 (Auf
715 2356 764 2382 der
788 2356 933 2384 plicatur:
960 2357 1013 2383 Per
1029 2357 1174 2382 dominum
1191 2357 1333 2383 ,Joanuem
1351 2356 1515 2390 episcopum
1534 2356 1733 2383 Lubuceuscm
1753 2357 1904 2383 Wlachico
1921 2357 1956 2383 de
1973 2356 2178 2392 lVeyteumile.

513 2424 554 2427 —-
579 2409 612 2433 In
637 2409 738 2434 dorso:
762 2408 797 2436 R,
824 2409 925 2434 Petrus
950 2409 983 2433 dc
1009 2409 1165 2437 Wiscliow,
1192 2409 1271 2443 Orig,
1297 2409 1378 2444 Perg.
1403 2418 1440 2434 an
1465 2409 1574 2435 weillen
1600 2409 1657 2434 und
1681 2409 1848 2435 schwarzen
1865 2408 2059 2436 Seidenfaden
2076 2408 2105 2436 h.
2118 2408 2178 2443 sig.

516 2460 565 2485 init
590 2460 787 2495 Gegeusigel„
812 2460 848 2485 im
873 2460 1027 2487 fiirsterzl).
1054 2460 1180 2486 Archive
1204 2461 1232 2486 in
1258 2457 1427 2498 Kremsier.)
