2313 3090
1050 166 1119 201 ‘211

152 274 230 307 villa
261 276 457 307 constitutos
488 273 675 317 disbrigare
705 285 763 307 seu
794 273 912 307 tabulis
942 278 1032 307 terre
1061 275 1235 313 annotare,
1265 282 1304 303 ac
1334 282 1385 313 ea,
1424 281 1488 316 que
1518 270 1758 316 prescribendo
1789 273 2021 315 promittimus-

154 334 268 368 facere
303 334 555 379 neglexerimus
594 346 652 367 seu
690 345 754 367 non
791 345 968 380 possemus
998 332 1233 379 quovismodo,
1275 343 1317 365 ex
1355 336 1430 365 tunc
1470 332 1534 366 duo
1572 336 1762 365 nostrorum
1793 342 1867 365 cum
1897 331 2024 365 duobus

153 395 284 429 famulis
314 399 344 428 et
375 399 517 440 quatuor
547 398 653 439 equis.
684 398 872 440 quicunque
903 399 934 428 et
964 394 1232 440 quandocunque
1262 395 1411 438 requisiti
1442 398 1474 426 et
1503 396 1619 427 moniti
1640 393 1801 427 fuerimus
1831 403 1891 438 per
1920 395 2023 438 ipsam

153 455 362 489 domicellam
400 454 536 489 Juttam.
575 460 627 488 aut
668 460 870 489 eonwfntuin
909 455 1051 501 predicti
1080 456 1274 488 monasterii
1304 465 1363 487 seu
1402 458 1565 490 rectores.
1604 458 1742 495 tutores,
1779 452 2024 498 gubernatores

151 516 207 550 vel
235 519 375 549 nuncios
404 516 568 561 speciales
598 519 700 561 ipsius
731 519 937 550 monasterii.
968 526 1046 549 mox
1077 513 1266 559 obstagium
1297 514 1441 548 debitum
1472 519 1503 548 et
1533 518 1728 547 consuetum
1759 517 1788 547 in
1811 516 1882 559 ipso
1903 514 2024 559 oppido

152 575 287 610 Reusch
304 577 344 610 ad
361 576 525 622 hospitem
538 576 714 610 honestum
733 588 793 623 per
809 577 957 623 prefatos
973 575 1181 610 domicellam
1199 575 1322 609 Juttam
1339 586 1398 609 seu
1415 580 1617 609 conventum
1632 575 1685 608 vel
1702 579 1865 613 rectores„
1884 578 2022 608 tutores.

151 636 398 681 gubernatores
410 637 549 683 predicti
562 641 755 671 monasterii
773 637 868 671 nobis
885 638 1076 683 deputatum
1094 635 1282 670 tenebimur
1293 640 1324 669 et
1337 635 1496 670 debemus
1513 639 1585 669 sine
1601 635 1773 681 quibusvis
1790 637 2022 668 excusacioni-

131 686 212 732 'bus
233 703 265 732 et
285 697 611 732 contradiccionibus
633 698 672 732 ad
693 698 907 744 prestandum
931 710 1049 732 verum
1074 702 1105 731 et
1126 702 1321 731 consuetum
1343 696 1531 742 obstagium
1553 696 1740 730 subintrare
1761 700 1791 729 et
1813 699 1962 735 introire7
1995 701 2024 729 et

155 758 185 792 id
215 757 403 804 obstagium
433 769 527 792 more
558 759 655 792 solito
685 759 871 793 observare
893 770 958 792 non
979 758 1136 792 exeundo
1158 758 1198 791 de
1219 758 1351 801 eodem7
1382 758 1489 791 donec
1511 758 1699 803 supradicta
1720 760 1862 803 pecunia
1884 769 2025 791 unacum

152 824 332 864 augmento
373 823 478 854 tercie
514 823 617 865 partis
655 824 685 854 et
716 823 825 853 omnia
857 821 988 862 damna,
1027 830 1091 864 que
1130 819 1275 864 desuper
1304 818 1607 864 quomodocunque
1640 821 1854 851 accreverint
1884 829 1944 863 per
1973 830 2025 852 me

152 885 185 914 et
213 880 430 915 fideiussores
459 892 553 915 meos
583 881 679 926 plene
710 885 739 914 et
770 881 979 925 integraliter
998 884 1173 926 prenotate
1199 879 1375 913 domicelle
1395 878 1483 912 Jutte
1504 883 1535 912 et
1557 881 1761 912 monasterio
1782 890 1820 911 ac
1843 882 2022 912 couventui

152 941 303 987 predicto
333 940 433 975 suerit
462 941 654 987 persoluta;
684 942 936 986 quatuordeeim
959 952 1042 974 vero
1072 940 1189 974 diebus
1218 940 1340 985 elapsis
1370 939 1499 985 prefato
1530 938 1683 984 obstagio
1713 942 1852 984 prestito
1882 939 1937 972 vel
1956 951 2021 973 non

152 1005 291 1048 prestito
320 1013 399 1036 mox
428 1002 557 1048 prefata
587 1002 762 1036 domicella
793 1001 893 1045 Jutta,
932 1006 1120 1036 conventus
1148 1005 1300 1035 rectores
1334 1004 1366 1033 et
1393 999 1639 1044 gubernatores
1670 999 1789 1045 prefati
1829 1003 2020 1033 monasterii

152 1063 273 1096 dictam
302 1066 478 1109 pecuniam
507 1063 665 1097 videlicet
695 1065 934 1108 quinquaginta
974 1073 1165 1106 sexagenas
1195 1071 1391 1105 grossorum
1429 1064 1643 1106 pragensium
1676 1066 1705 1094 et
1736 1072 1810 1094 cuni
1842 1065 2022 1104 augmento

152 1127 257 1158 tercie
287 1126 389 1169 partis
419 1126 505 1157 inter
530 1124 652 1168 judeos
682 1135 740 1158 seu
771 1123 972 1157 christianos
1002 1125 1204 1168 conquirere
1234 1124 1379 1167 poterint
1408 1132 1509 1166 super
1539 1122 1656 1155 damna
1697 1124 1843 1155 omnium
1873 1126 2021 1154 nostrum

153 1188 405 1231 premissorum.
462 1185 499 1219 In
537 1188 631 1218 cuius
680 1188 728 1218 rei
764 1184 904 1217 exidens
943 1186 1167 1218 testiinonium
1201 1181 1309 1227 sigilla
1352 1186 1465 1215 nostra
1517 1185 1662 1216 onmium
1716 1185 2021 1227 suprascriptorum

153 1246 309 1280 videlicet
338 1245 556 1280 Marssiconis
586 1246 627 1279 de
657 1245 840 1287 Usu-assiu,
872 1245 947 1278 Ade
977 1245 1053 1278 dicti
1085 1243 1245 1277 Kadalice
1285 1243 1325 1276 de
1355 1242 1552 1280 Rzecziczst
1571 1242 1757 1276 Gesskonis
1788 1242 1863 1276 dicti
1897 1241 2022 1276 Konta>⁴

153 1307 193 1340 de
221 1306 434 1353 Knyehnicz‚
464 1306 586 1341 Litvini
615 1307 692 1340 dicti
722 1306 933 1352 Hlawnycze
964 1306 1004 1339 (le
1036 1305 1168 1338 Rosecz
1199 1309 1229 1337 et
1259 1303 1424 1337 Busconis
1453 1304 1493 1337 de
1524 1303 1650 1337 Hodicz
1679 1304 1719 1336 de
1749 1308 1840 1336 certa
1876 1305 2021 1336 omnium

153 1372 303 1402 nostrum
348 1370 492 1401 sciencia
530 1366 741 1413 presentibus
780 1371 851 1400 sunt
893 1377 1050 1412 appensa.
1110 1365 1230 1399 Datum
1268 1369 1299 1398 et
1337 1368 1446 1398 actum
1477 1363 1536 1398 sub
1566 1375 1652 1397 anno
1683 1364 1804 1397 domini
1835 1363 2021 1397 millesimo.

154 1431 390 1462 trecentesimo
420 1431 641 1473 nonagesimo
673 1432 802 1473 quarto,
833 1428 915 1461 feria
946 1432 1041 1460 sexta
1072 1430 1103 1460 in
1134 1427 1186 1460 die
1216 1429 1320 1460 sancti
1351 1424 1471 1459 Briceii
1502 1425 1718 1459 confessoris.

465 1533 627 1568 (Absehrift
652 1533 687 1558 im
714 1532 838 1558 Areliive
864 1533 912 1558 «les
938 1533 985 1559 Kl.
1011 1531 1189 1565 Neureisvh.)

1036 1677 1145 1713 218.

796 1756 913 1789 Brmm
949 1755 1003 1789 15.
1037 1755 1229 1789 November
1263 1755 1368 1789 1394.

308 1831 514 1897 Nlarkgral'
539 1852 649 1886 Jodok
678 1853 827 1897 vert'ugt‚
858 1853 935 1886 (lass
965 1853 1016 1885 die
1047 1852 1160 1892 l'allige
1192 1851 1325 1885 Urbede
1356 1851 1485 1885 Berlins
1515 1851 1577 1885 und
1609 1851 1711 1884 Kolns
1741 1850 1800 1884 auf
1825 1850 1876 1883 die
1898 1850 2021 1883 Sebuld

150 1924 275 1957 wegen
304 1913 498 1959 Kopenicks
527 1913 759 1955 abgerechnet
786 1914 915 1947 werde.

465 2015 579 2056 (Riedet
605 2018 675 2046 Cod,
702 2019 865 2046 Brandenb,
892 2019 990 2053 Suppl.
1018 2019 1101 2051 2514

1028 2163 1136 2198 219.

423 2242 606 2286 lndulqenz-
636 2243 696 2276 des
727 2243 871 2278 Faba-tes
904 2244 1109 2287 Bonisaez'us
1141 2242 1202 2275 ΙΧ.
1231 2244 1291 2286 [ην
1321 2242 1376 2274 die
1409 2240 1581 2273 Olmillz-er
1614 2240 1750 2273 lt'ireln:

769 2304 825 2338 Dc.
859 2305 947 2338 Rom
980 2303 1035 2337 15.
1069 2302 1262 2336 Norember
1296 2301 1402 2335 1394.

311 2381 524 2435 Bonifacius
553 2404 731 2447 episcopus
761 2412 882 2435 servus
911 2410 1088 2435 servorum
1121 2399 1172 2431 (lei
1196 2401 1363 2431 universis
1384 2396 1505 2431 Christi
1528 2396 1678 2430 fidelibus
1699 2399 1875 2442 presentes
1898 2394 2023 2427 litteras

152 2465 351 2508 inspecturis
381 2462 519 2495 salutem
550 2467 580 2495 et
610 2462 825 2508 apostolicam
857 2461 1143 2495 benediccionem.
1201 2458 1284 2492 Dum
1316 2457 1468 2503 precelsa
1499 2460 1691 2490 meritorum
1722 2457 1876 2499 insignia,
1907 2454 2024 2500 quibus

152 2526 269 2569 regina
300 2523 448 2557 celorum
466 2526 564 2567 virgo
593 2523 645 2557 dei
674 2526 821 2567 genitrix
850 2523 1011 2567 gloriosa*
1042 2519 1176 2554 sedibus
1206 2520 1330 2565 prelata
1361 2518 1502 2553 sidereis
1532 2520 1624 2563 quasi
1645 2517 1738 2551 stella
1761 2518 1919 2549 matutina
1941 2527 2024 2561 pre-

153 2584 273 2628 rutilat,
313 2585 435 2618 devote
474 2584 759 2617 consideracionis
799 2583 955 2627 indagine
994 2586 1258 2629 perscrutamur:
1307 2579 1381 2612 (lum
1422 2581 1526 2611 eciam
1567 2581 1650 2611 intra
1690 2579 1836 2622 pectoris
1875 2575 2020 2609 archana

152 2645 371 2679 revolvimus.
411 2644 496 2690 quod
536 2647 605 2690 ipsa
644 2648 757 2689 utpote
795 2648 901 2677 mater
923 2643 1171 2677 misericordie.
1204 2644 1319 2683 gracie
1349 2644 1378 2673 et
1410 2642 1541 2685 pietatis
1571 2641 1689 2681 amica,
1721 2637 1853 2671 humani
1884 2638 2020 2681 generis

1841 2698 1899 2723 ⁵27³*
