2313 3090
1207 190 1253 223 94

300 296 462 330 facientes
493 308 531 329 ac
561 296 785 342 capitulariter
814 295 851 328 ad
883 293 1091 339 infrascripta
1123 297 1319 339 congregati
1341 305 1383 327 ex
1404 305 1480 333 una„
1511 299 1540 327 et
1563 294 1725 327 discretus
1746 296 1798 327 vir
1819 294 1970 328 dominus
1991 293 2161 328 Johannes

299 361 412 390 rector
449 360 522 389 sive
560 356 720 401 plebanus
760 355 902 389 ecclesie
931 353 1131 400 paroehialis
1161 356 1191 387 in
1221 353 1438 400 Braunsperg
1469 353 1701 388 Oloinucensis
1731 354 1875 388 diocesis
1904 358 1998 400 parte
2028 366 2072 388 ex
2101 354 2162 388 alia

301 427 360 462 pro
382 428 418 450 se
448 422 477 449 et
499 419 565 450 suis
596 417 749 461 legitimi<
772 414 1022 449 suecesstuibus
1052 425 1153 459 super
1182 426 1281 448 causa
1312 414 1367 448 lite
1396 419 1427 447 et
1458 417 1702 457 controversia
1733 426 1796 460 que
1825 418 1966 448 vertitur
1994 417 2081 448 inter
2104 425 2162 448 eos

302 489 401 523 super
423 477 614 522 quibusdam
637 477 741 521 plenis
764 476 899 508 decimis
921 474 1169 519 quorundorum
1191 485 1348 519 agrorum
1366 477 1439 508 sive
1468 474 1639 508 laneorum
1670 474 1838 508 cuiusdam
1870 478 1961 509 curie
1991 478 2110 509 situate
2130 477 2163 508 in

301 538 377 571 villa
409 536 654 571 Ffriezendorff
671 537 755 569 dicte
777 536 919 568 diocesis
941 535 979 567 ad
1002 545 1144 580 corpora
1167 540 1307 580 quatuor
1326 534 1570 581 prebendarum
1593 534 1740 568 eiusdem
1763 535 1906 569 ecclesie
1928 535 2161 569 Olomucensis

303 602 332 630 et
363 598 400 630 ad
433 597 594 643 prefatum
626 596 801 641 capitulum
834 599 863 629 et
894 595 1071 629 ecclesiam
1094 595 1351 629 olomucensem
1374 594 1561 628 huiusmodi
1577 598 1719 640 quatuor
1739 594 1984 640 prebendarum
2005 598 2161 640 pretextu

302 657 382 690 alias
412 669 470 703 per
500 662 637 689 mortem
670 656 745 689 olim
776 655 903 689 Nicolai
934 655 974 689 de
1004 655 1146 691 Ausaw.
1178 659 1230 701 qui
1261 656 1400 689 eandem
1432 658 1556 702 curiam
1587 655 1627 688 ab
1657 658 1735 701 ipsis
1765 658 1935 689 canonicis
1964 660 1996 688 et
2022 655 2163 701 capituto

302 721 403 751 tenuit
431 722 458 749 et
491 716 601 749 habuit
631 716 791 760 legittime
821 716 989 750 devolute.
1020 716 1236 761 quasquidem
1267 716 1413 750 decimas
1444 716 1549 749 dictus
1579 715 1730 749 dominus
1759 715 1931 749 Johannes
1960 720 2073 749 rector
2101 715 2162 749 sibi

302 783 332 812 et
363 778 506 811 ecclesie
537 789 594 810 sue
624 777 772 822 predicte
802 776 926 810 debere
956 780 1109 820 asseruit„
1139 780 1170 810 in
1200 776 1414 811 honorabiles
1443 774 1537 811 viros
1567 776 1716 810 dominos
1747 776 1932 810 Johannem
1963 776 2004 810 de
2033 775 2163 810 Ghulen

301 842 460 871 vicarium
500 841 530 871 in
562 836 784 883 spiritualibus
823 842 855 870 et
892 837 1066 871 officialem
1098 836 1356 871 Olomucensem
1387 849 1426 871 ac
1456 836 1671 871 Wilhelmum
1702 831 1931 882 Kertenlange
1965 838 2163 870 canonicum

302 898 557 932 Olomueensem
588 898 707 931 ibidem
738 902 912 942 presentes
943 901 974 931 et
1002 909 1086 931 onus
1116 897 1360 943 infrascriptum
1392 901 1422 931 in
1452 908 1488 931 se
1517 902 1635 942 sponte
1660 899 1893 942 suscipientes7
1932 901 2098 942 tamquam
2131 898 2164 930 in

301 958 453 992 arbitros.
492 958 719 1001 arbitratores‚
755 958 898 1001 judices‚
935 958 1144 1001 diffinitores,
1182 958 1372 992 laudatores
1408 963 1440 991 et
1478 957 1669 991 amicabiles
1711 961 1954 1003 compositores
1991 961 2023 991 et
2058 956 2164 991 bonos

302 1022 391 1052 viros
427 1019 555 1051 meliori
585 1019 695 1061 modo,
733 1021 801 1060 via.
833 1019 910 1063 jure
949 1023 981 1052 et
1018 1018 1125 1052 forma
1163 1018 1280 1064 quibus
1317 1018 1487 1052 efficacius
1526 1021 1670 1064 poterint
1703 1023 1734 1052 et
1764 1017 1939 1052 debuerint
1968 1017 2008 1052 de
2038 1017 2103 1051 alto
2133 1021 2165 1051 et

300 1079 398 1112 basso
434 1079 645 1112 concorditer
684 1083 714 1112 et
750 1082 951 1113 unanimiter
986 1083 1289 1126 compromiserunt
1326 1079 1386 1114 sub
1424 1090 1508 1125 pena
1552 1081 1693 1123 vinginti
1737 1089 1923 1112 marcarum
1967 1088 2163 1123 grossorum

300 1143 513 1185 pragensium
552 1142 713 1173 nioravici
739 1143 867 1173 numeri
906 1144 937 1173 et
975 1144 1165 1186 pagamenti
1200 1143 1297 1186 parti„
1328 1139 1499 1174 arbitrium
1529 1150 1588 1173 seu
1618 1139 1748 1172 laudum
1779 1138 1967 1172 huiusmodi
1996 1142 2102 1172 ratum
2133 1142 2166 1171 et

300 1204 429 1244 gratum
462 1199 593 1233 babenti
623 1205 655 1233 et
683 1203 831 1234 servanti
862 1203 989 1234 tociens
1019 1204 1178 1246 quociens
1208 1200 1307 1234 fuerit
1335 1205 1589 1234 contraventnm
1621 1199 1802 1242 solvenda3
1832 1199 1948 1233 dantes
1974 1203 2006 1233 et
2034 1209 2165 1233 conce-

300 1261 415 1294 dentes
453 1264 523 1306 ipse
562 1265 673 1306 partes
711 1261 908 1306 supradictis
938 1261 1081 1305 arbitris7
1112 1261 1364 1296 arbitratoribus
1394 1265 1426 1295 et
1455 1259 1682 1294 amicabilibus
1712 1259 1991 1306 compositoribus
2019 1259 2164 1305 plenam,

299 1320 435 1354 liberam
475 1325 507 1354 et
544 1321 766 1354 omnimodam
806 1326 1005 1367 potestatem
1036 1333 1137 1368 super
1165 1322 1273 1357 litibus
1303 1327 1334 1356 et
1363 1324 1606 1356 controversiis
1635 1321 1793 1367 predictis
1822 1320 1927 1355 semel
1955 1320 2011 1355 vel
2040 1320 2164 1365 pluries

299 1381 491 1425 arbitrandi,
521 1382 686 1425 laudandi,
717 1381 910 1426 diffiniendi,
942 1383 1152 1417 terminandi.
1183 1383 1411 1416 sentenciandi
1441 1387 1473 1415 et
1501 1381 1741 1427 pronunciandi
1760 1380 1868 1416 verbo
1894 1380 1948 1414 vel
1967 1383 2000 1414 in
2021 1382 2164 1426 scriptis,

299 1442 446 1488 partibus
484 1445 613 1476 vocatis
649 1442 861 1488 presentibus
899 1443 955 1477 vel
990 1442 1182 1477 absentibus
1220 1448 1275 1477 aut
1312 1454 1375 1477 una
1406 1447 1498 1488 part-e
1528 1446 1685 1488 presente
1714 1446 1745 1476 et
1774 1441 1835 1475 alia
1865 1440 2016 1484 absente,
2046 1440 2164 1475 stando

299 1503 353 1536 vel
375 1503 534 1537 sedends).
565 1503 682 1537 ordine
711 1507 847 1538 servato
878 1504 932 1537 vel
962 1515 1027 1537 non
1057 1509 1206 1547 servato,
1237 1503 1353 1537 diebus
1382 1503 1508 1537 feriatis
1539 1503 1593 1536 vel
1621 1513 1687 1536 non
1709 1502 1847 1546 feriatis,
1877 1501 1931 1535 ubi
1949 1501 2004 1537 vel
2029 1500 2163 1547 quando

299 1568 396 1609 prout
425 1563 519 1597 dictis
548 1563 680 1597 arbitris
709 1575 770 1609 per
798 1567 887 1610 ipsas
916 1569 1028 1610 partes
1058 1564 1173 1598 electis
1203 1567 1309 1598 visum
1341 1564 1440 1597 fuerit
1468 1563 1640 1609 expedire.
1672 1562 1906 1597 promittentes
1937 1562 2024 1596 dicte
2052 1565 2165 1608 partes

300 1624 454 1657 hincinde
491 1624 587 1658 michi
627 1628 756 1658 notario
794 1625 925 1670 publico
956 1625 1168 1671 infrascripto
1204 1625 1432 1670 sollempniter
1467 1624 1632 1669 stipulanti
1671 1626 1748 1657 vice
1782 1627 1814 1657 et
1842 1626 1976 1657 nomine
2005 1624 2164 1665 omnium,

300 1696 438 1730 quornm
470 1689 605 1718 interest
622 1685 676 1719 vel
698 1688 862 1720 interesse
882 1689 1003 1732 poterit
1023 1685 1272 1731 quomodolibet
1292 1687 1323 1719 in
1344 1685 1488 1718 futurum
1510 1684 1620 1725 laudo„
1651 1685 1924 1729 pronunciacioni
1950 1687 1982 1716 et
2002 1682 2164 1716 mandatis

300 1750 400 1779 stare.
439 1745 576 1780 obedire
614 1758 735 1792 parere
774 1751 806 1780 et
844 1758 916 1780 cum
957 1746 1075 1779 effectu
1112 1746 1294 1792 adimplere
1323 1750 1422 1791 atque
1451 1745 1549 1787 (licta,
1580 1745 1724 1787 laudata,
1763 1744 1920 1778 arbitrata
1951 1748 1983 1778 et
2010 1743 2164 1777 mandata

300 1811 459 1851 perpetue
502 1806 593 1840 firma
637 1812 669 1840 et
710 1812 779 1840 rata
822 1806 960 1851 habere7
1004 1811 1120 1841 tenere
1156 1811 1187 1840 et
1226 1805 1461 1840 inviolabiliter
1499 1805 1686 1839 observare
1721 1816 1830 1850 neque
1866 1807 1945 1850 ipsis
1983 1807 2015 1837 in
2055 1804 2164 1848 aliquo

300 1870 466 1900 contraire
496 1867 601 1901 verbo
632 1868 685 1901 vet
717 1868 814 1909 sacto,
846 1868 903 1901 sed
934 1867 1020 1913 quod
1051 1870 1111 1913 ipsi
1141 1866 1254 1900 arbitri
1276 1867 1497 1909 laudaverint,
1528 1866 1684 1905 dixerint,
1706 1867 2015 1910 pronunciaveriim
2038 1863 2164 1897 diffini-

300 1930 410 1961 verint
438 1933 490 1961 aut
523 1928 669 1962 arbitrati
700 1929 822 1962 suerint
850 1932 959 1962 omnia
990 1933 1022 1962 et
1050 1928 1179 1973 singula
1211 1932 1326 1961 tenere
1356 1931 1387 1961 et
1415 1927 1454 1960 ad
1485 1927 1617 1972 plenum
1647 1937 1788 1960 servare
1817 1925 1877 1960 sub
1902 1936 1986 1970 pena
2012 1927 2164 1970 superius

301 1994 495 2033 expressata
535 1994 567 2022 et
603 1989 688 2034 quod
728 1989 844 2022 eedem
885 1994 997 2034 partes
1032 1992 1137 2022 eciam
1174 1993 1289 2022 eontra
1332 1988 1477 2030 laudum,
1522 1989 1852 2032 pronunciaeionem‚
1896 1984 2055 2018 arbitrum
2099 1994 2164 2018 non

301 2049 507 2094 appellabunt
535 2061 642 2094 neque
664 2055 919 2095 prosequentur.
951 2053 975 2083 si
1008 2061 1104 2095 quam
1128 2051 1387 2094 interposuerint
1407 2047 1669 2093 appellacioncm
1701 2046 1823 2080 nullum
1845 2049 1942 2079 etiam
1965 2048 2163 2091 rescriptum

300 2109 353 2142 vel
393 2110 602 2154 privilegium
640 2121 699 2155 per
736 2122 773 2144 se
810 2111 862 2144 vel
899 2111 997 2143 alium
1034 2121 1092 2144 seu
1129 2109 1210 2142 alios
1263 2107 1485 2154 impetrabunt
1522 2118 1630 2152 neque
1667 2109 1839 2151 inpetratis
1881 2110 2014 2140 utentur
2056 2116 2165 2150 neque

301 2173 547 2203 restitut-ionem
579 2174 608 2204 111
640 2174 804 2211 integrum
835 2175 948 2216 petent
977 2171 1084 2215 aliqua
1115 2173 1261 2203 racione.
1294 2169 1366 2209 Que
1395 2168 1526 2213 quidem
1548 2170 1659 2201 onmia
1680 2171 1712 2200 ct
1732 2167 1860 2211 singula
1883 2171 1993 2213 partes
2014 2166 2165 2212 predicte

302 2230 454 2263 liinrinile
491 2236 605 2264 tenere
644 2236 676 2264 et
714 2231 948 2265 inviolabiliter
982 2234 1206 2277 promiserunt
1235 2229 1420 2262 ohservare
1450 2228 1510 2261 sub
1540 2239 1624 2273 pena
1655 2232 1850 2267 memorata⁹
1879 2231 2033 2273 petentes
2064 2226 2104 2260 de
2134 2230 2166 2260 et

301 2302 399 2335 super
429 2294 600 2336 premissis
630 2292 782 2326 omnibus
812 2297 844 2325 ct
873 2292 1011 2332 singulis
1040 2302 1100 2337 per
1130 2302 1182 2324 me
1211 2291 1374 2323 notarium
1405 2288 1569 2334 publicum
1605 2287 1850 2333 infrascriptum
1881 2289 1960 2333 ipsis
1989 2298 2086 2320 unum
2111 2286 2165 2321 vel

302 2351 391 2395 plura
424 2352 539 2385 eontiei
571 2352 735 2397 publicum
767 2364 824 2386 seu
856 2352 984 2398 publica
1007 2355 1258 2385 instrumentum
1284 2349 1335 2382 vel
1358 2351 1585 2382 instrumenta.
1618 2349 1704 2382 Acta
1725 2353 1800 2382 sunt
1821 2348 1883 2381 liec
1903 2358 1990 2381 anno
2011 2347 2165 2382 indicone

302 2412 352 2444 (lie
384 2424 495 2445 mense
526 2413 606 2445 liora
638 2413 846 2458 pontificatus
875 2417 907 2445 et
936 2412 1009 2445 loeo
1039 2411 1156 2456 quibus
1186 2421 1296 2455 supra.
1341 2408 1554 2442 Presentibus
1584 2409 1737 2442 diseretis
1766 2411 1848 2442 viris
1879 2407 2094 2453 Sigismundo
2125 2407 2165 2441 de

302 2472 472 2505 ('lit·‹·ins·it·
510 2478 538 2505 1-1
577 2473 673 2506 Petro
711 2473 873 2506 Joliannis
912 2473 952 2505 1Ι1·
982 2472 1148 2516 Pustymir
1186 2474 1324 2504 notariis
1354 2469 1492 2515 publicis
1522 2469 1755 2502 tilomueensis
1785 2469 1928 2503 diocesis
1958 2468 2096 2502 testibus
2125 2468 2164 2501 ad

302 2536 462 2577 premissa
496 2537 621 2566 vocatis
652 2539 678 2565 et
712 2536 850 2573 roe-atis.

456 2592 493 2625 Et
526 2605 588 2629 ego
620 2594 734 2627 l'etrus
768 2622 773 2626 .
806 2621 811 2627 .
846 2621 851 2626 .
885 2621 890 2626 .
922 2592 1072 2638 publicus
1103 2620 1109 2625 .
1143 2621 1148 2625 .
1181 2619 1187 2625 .
1219 2594 1366 2625 notarius
1398 2619 1403 2624 .
1438 2618 1443 2624 .
1477 2618 1482 2623 .

614 2674 705 2703 sirm,
734 2674 814 2704 l'er5:¹
843 2673 876 2697 1111
904 2673 978 2700 (11111,
1004 2671 1076 2705 Cap,
1103 2670 1250 2704 Archive.)
