2313 3090
1041 190 1113 223 455

145 299 317 341 mandans,
362 298 447 342 quod
486 297 582 331 absit.
628 302 750 330 extune
791 302 883 342 prout
922 306 1056 329 exminc
1085 300 1116 328 et
1146 305 1279 327 exuunt¹
1309 298 1406 339 prout
1435 297 1558 326 extunc
1590 295 1620 325 in
1651 303 1768 325 omnes
1799 296 1831 324 et
1860 291 2009 335 singulos

146 359 354 405 supradictos
384 361 591 403 capitaneos.
623 361 824 402 pin-erarius
855 368 1037 401 eorumque
1067 355 1260 400 complices.
1291 355 1450 388 fautores.
1483 357 1711 398 receptatores
1741 357 1795 385 aut
1825 352 1940 385 dantes
1962 354 2010 384 eis

145 420 330 454 consilium.
361 418 517 452 auxilium
545 423 575 451 et
608 419 771 451 l'ax'orein.
804 418 888 451 dieta
912 420 1101 450 monieione
1124 421 1289 461 tamquam
1312 419 1472 448 canoniea
1495 417 1622 460 previa.
1645 416 2011 447 ‹·xeommunieacionis

146 483 351 516 sentenciam
390 483 421 512 in
469 478 530 512 hiis
576 481 707 523 scriptis
757 479 1017 523 proinnlganuis„
1062 477 1147 521 quod
1192 480 1238 509 sie.
1278 479 1589 509 excommanicatos
1630 479 1660 508 in
1698 478 1821 508 vestris
1859 475 2011 507 eeclesiis

146 541 285 586 singulis
327 540 442 573 diebus
486 540 659 572 dominicis
704 544 733 572 et
779 540 920 572 festivis.
964 538 1100 583 pulsatis
1144 540 1314 582 campanis
1357 542 1385 569 et
1433 537 1580 570 candelis
1619 539 1771 569 accensis
1810 541 1841 569 et
1880 536 2010 568 demum

147 604 304 636 extinctis
340 605 371 634 et
412 604 441 633 in
482 605 570 633 terra
611 603 779 645 proiectis.
825 600 954 645 publice
984 611 1096 633 coram
1129 597 1224 644 plebe
1254 601 1418 631 nuncietis
1447 609 1506 630 seu
1537 600 1686 630 nunciari
1718 597 1856 629 l'aciatis.
1915 595 1955 628 Ei
1985 598 2010 627 si

147 663 266 697 dictam
310 663 674 696 excommunieaeionis
717 664 921 693 senteneiz‘nn
965 672 1024 705 per
1068 661 1149 693 alios
1188 671 1249 693 sex
1289 659 1369 692 dies.
1415 660 1520 692 dictos
1558 661 1682 703 primos
1722 668 1783 691 sex
1822 656 2011 689 immediate

148 728 339 769 sequentes*
369 725 597 756 sustinuerint.
629 724 739 754 animo
770 722 920 754 indurato
952 722 1140 754 mandatum
1171 724 1318 754 nostrum
1351 724 1449 752 innuo
1481 722 1593 752 verius
1622 718 1842 763 apostolicum
1875 720 1904 750 in
1926 727 2013 749 con-

148 789 306 830 tempium
345 782 553 817 deducendo.
598 786 719 814 extunc.
757 793 888 814 omnem
930 782 1035 815 loeum
1076 782 1235 815 dictarum
1276 783 1419 814 cix-itatis
1449 785 1480 813 et
1509 780 1653 813 diocesis
1684 779 1928 812 Olmnucensis.
1959 777 2011 810 ubi

150 846 227 879 dicti
262 848 452 886 invasores3
492 848 645 889 raptores
682 847 710 876 et
751 843 951 887 spoliatores
981 843 1179 875 domicilium
1211 842 1386 875 habuerint
1416 845 1467 874 aut
1499 841 1537 873 ad
1569 852 1607 873 ea
1638 842 1791 873 venerint
1823 839 1875 872 vel
1904 842 1935 871 in
1967 840 2014 870 eis

151 917 276 940 moram
314 907 489 941 traxerint.
534 908 564 937 et
602 904 755 948 quamdiu
795 903 835 935 ibi
876 904 1008 936 luerint.
1052 908 1083 936 et
1113 907 1185 948 post
1216 906 1363 947 ipsorum
1394 912 1564 934 recessum
1597 912 1655 945 per
1685 901 1824 933 triduum
1856 902 2016 942 exigente

153 977 269 1000 eorum
308 967 517 999 contumacia
557 964 787 997 ecclesiastico
828 964 1002 997 interdicto
1033 963 1225 997 subicimus.
1272 966 1302 996 in
1333 962 1449 1007 quibus
1479 967 1635 995 servetur
1664 966 1694 994 et
1724 963 1855 994 servari
1888 960 2016 992 faciatis

151 1027 419 1061 ecclesiasticum
449 1025 659 1059 interdictum
691 1024 750 1057 sub
781 1028 874 1069 penis
904 1029 933 1057 et
965 1027 1145 1057 sentenciis
1175 1026 1328 1069 superius
1358 1025 1576 1068 expressatis.
1620 1022 1726 1055 donec
1757 1032 1772 1053 a
1805 1020 1899 1054 nobis
1929 1019 2015 1053 aliud

152 1087 334 1122 habueritis
363 1090 394 1120 in
426 1085 598 1119 mandatis.
630 1084 666 1118 In
696 1096 834 1129 quorum
865 1088 1011 1118 omnium
1044 1090 1074 1118 et
1105 1085 1311 1127 singulorum
1334 1086 1557 1117 testiinonium
1581 1086 1820 1127 premissorum
1842 1087 2018 1126 presentes

152 1149 265 1183 literas
303 1158 362 1182 seu
391 1158 531 1193 presens
561 1146 728 1192 publicum
760 1149 1026 1179 instrumentum.
1059 1145 1246 1178 huiusmodi
1276 1155 1470 1189 processum
1503 1148 1651 1176 nostrum
1684 1146 1714 1175 in
1743 1154 1780 1175 se
1810 1144 2019 1175 continentes

153 1221 212 1243 seu
241 1212 429 1251 continens,
459 1219 519 1254 per
547 1206 736 1240 Jobannem
767 1206 954 1240 Sinderami
985 1209 1148 1239 notarium
1180 1205 1344 1250 publicum
1375 1204 1686 1249 iuf1·asei·iptuin.in
1710 1202 1896 1236 huiusmodi
1920 1213 2018 1235 eausa

154 1281 267 1304 coram
306 1268 402 1303 nobis
440 1268 598 1305 scribann
641 1266 740 1301 scribi
780 1272 810 1300 et
850 1268 1010 1313 publicari
1041 1266 1271 1299 mandavimus
1301 1269 1472 1310 nostrique
1502 1265 1599 1309 sigilli
1630 1267 1784 1297 iussimus
1814 1266 2020 1309 appensione

154 1333 284 1365 muniri.
344 1327 540 1375 Datum-et
576 1333 685 1362 actum
727 1328 872 1361 Wienne
913 1332 944 1361 in
982 1327 1068 1361 dicto
1107 1329 1309 1360 [nonasterio
1347 1326 1524 1359 Scotorum
1565 1325 1624 1359 snb
1664 1336 1750 1358 anno
1789 1337 1806 1357 a
1847 1327 2019 1358 nativitate

154 1392 277 1426 domini
307 1390 482 1425 millesimo
511 1391 749 1423 trecentesimo
779 1392 997 1433 nonagesimo
1028 1400 1128 1423 nono.
1158 1388 1210 1421 die
1239 1387 1366 1421 Martis.
1397 1391 1512 1432 quarta
1535 1389 1657 1419 mensis
1679 1385 1807 1419 Marcii.
1829 1385 2018 1418 indiccione

155 1455 307 1498 septima,
338 1451 420 1485 hora
452 1454 630 1484 terciarum
665 1450 716 1484 vel
748 1452 851 1494 quasi.
885 1448 1093 1494 pontificatus
1124 1451 1323 1482 sanctissimi
1355 1451 1384 1481 in
1415 1447 1548 1481 Christo
1580 1450 1681 1493 patris
1712 1451 1743 1479 et
1773 1446 1896 1479 domini
1918 1448 2022 1478 nostri

155 1513 279 1547 domini
308 1512 472 1547 Bonifacii
503 1512 614 1546 divina
645 1512 862 1557 providencia
893 1522 976 1556 pape
1006 1514 1084 1544 noni
1114 1521 1200 1543 anno
1232 1509 1373 1542 decimo.

311 1573 353 1607 Et
381 1584 447 1618 ego
475 1572 649 1607 Johannes
679 1572 880 1618 Synderami
912 1599 917 1604 .
953 1599 957 1603 .
991 1599 996 1604 .
1029 1570 1178 1616 publicus
1210 1598 1216 1603 .
1247 1597 1253 1602 .
1289 1599 1294 1604 .
1325 1572 1474 1603 notarius
1504 1573 1567 1602 etc.

473 1674 567 1716 (Orig.
594 1679 675 1709 Pergin
703 1678 727 1702 li.
753 1678 811 1710 sig.
837 1677 999 1710 abgerissen
1026 1676 1061 1700 ini
1087 1676 1161 1701 titul.
1187 1675 1461 1708 Capitel-Arebireq

1037 1821 1145 1856 524.

159 1902 337 1945 Heinrich,
376 1901 448 1936 Abt
484 1902 543 1935 des
577 1900 892 1935 Schottenltloslers
923 1901 952 1933 effu
992 1898 1101 1933 l’Vien.
1134 1898 1299 1941 rer-ledum
1329 1897 1412 1931 [lber
1441 1898 1502 1931 (len
1534 1897 1761 1942 Marlfyrafeu
1790 1896 1939 1940 Prokop.
1971 1897 2025 1929 die

161 1963 321 2009 Herzoqe
356 1974 419 1997 von
459 1962 608 1996 Ratibor
647 1962 714 1995 und
752 1961 931 1994 Mas-oriere
972 1960 1037 1994 und
1075 1959 1147 1992 ihre
1191 1959 1379 2003 Auln'inyer
1408 1959 1462 1992 die
1495 1957 1837 1991 E.rcormnanlcatiou
1869 1958 1935 1990 mad
1963 1957 2026 1990 das

726 2022 900 2056 Interdict.
933 2021 990 2054 Di.
1032 2019 1127 2054 Wieti
1158 2020 1190 2053 4.
1223 2020 1322 2053 Mam
1354 2019 1463 2053 1399.

318 2099 553 2154 Reverendis
602 2122 633 2153 in
677 2118 810 2153 Christo
854 2117 1002 2163 patribus
1045 2117 1187 2150 dominis
1231 2115 1423 2160 Pragensis,
1469 2115 1763 2160 Salczburgensis„
1807 2115 2026 2149 Gneznensis.

165 2181 408 2227 strigoniensis
437 2185 469 2214 et
499 2179 804 2225 magdeburgensis
834 2178 1109 2223 archiepiscopis
1139 2188 1177 2209 ac
1208 2176 1427 2210 pataviensis.
1460 2177 1709 2219 tllomneensis,
1741 2176 2025 2209 Luthomislensis.

162 2243 467 2284 wratislaviensis„
514 2240 740 2286 Myssnensis
789 2239 1005 2275 Lunae-ensis
1055 2237 1307 2279 Poznoniensis,
1352 2237 1602 2270 Cracoviensis.
1646 2236 1955 2282 Wladyslaviensis
1999 2240 2026 2268 et

164 2303 337 2338 Plocensis
379 2302 602 2336 ecclesiarum
641 2303 808 2346 episcopis
846 2310 1029 2344 eorumque
1067 2301 1202 2331 vicariis
1243 2301 1273 2330 in
1309 2297 1535 2342 spiritualibus
1574 2302 1606 2330 et
1643 2296 1852 2331 officialibus.
1897 2308 2027 2330 necnon

163 2363 414 2398 venerabilibus
449 2367 481 2396 et
510 2363 677 2407 religiosis
708 2366 740 2395 et
769 2362 923 2395 discretis
953 2363 1034 2393 viris
1064 2360 1205 2392 dominis
1235 2360 1402 2391 universis
1432 2362 1463 2390 et
1492 2358 1631 2401 singulis
1661 2357 1833 2391 abbatibus
1863 2356 2030 2402 prioribus

166 2427 342 2471 prepositis
372 2424 508 2457 decanis
538 2422 785 2456 archidiaconis
815 2422 1001 2455 scolasticis
1028 2420 1246 2453 thesaurariis
1267 2417 1458 2451 cantoribus
1480 2418 1614 2463 prelatis
1635 2418 1788 2463 capitulis
1809 2417 2030 2451 conventibus

168 2487 351 2523 canonicis⁷
382 2486 517 2517 vicariis
548 2485 727 2528 perpetuis.
759 2481 909 2528 plebanis
940 2480 1126 2514 rectoribus
1157 2477 1423 2513 vicereetoribns
1453 2478 1635 2523 capellanis
1665 2478 1822 2511 altat-istis
1852 2482 1883 2511 et
1908 2480 2030 2511 ceteris

167 2545 371 2579 beneficiatis
415 2546 704 2585 monasteriorum,
742 2542 981 2576 cathedralium
1019 2542 1272 2585 collegiatarum
1311 2544 1341 2572 et
1383 2539 1620 2585 parochialium
1661 2539 1881 2572 ecclesiarum
1913 2539 2030 2571 archi-

168 2606 445 2649 diaconatumque
489 2604 692 2649 capellarum
737 2606 959 2637 oratoriorum
1005 2606 1034 2634 et
1078 2602 1243 2637 altariunn
1287 2599 1506 2644 omnibusque
1545 2599 1616 2633 aliis
1655 2604 1684 2632 et
1725 2599 1864 2643 singulis
1895 2599 2031 2632 decanis

168 2665 345 2700 ruralibus.
389 2664 539 2711 plebanis
582 2664 713 2696 clericis
750 2662 980 2696 tabellion'ibus
1017 2666 1046 2695 et
1085 2664 1222 2694 notariis
1262 2660 1400 2706 publicis
1439 2659 1702 2705 quibuscunque.
1743 2671 1801 2705 per
1840 2663 2032 2705 provineias
