2313 3090
1012 185 1059 218 73

1001 308 1074 343 37.

106 387 297 431 illarlfffluf
310 387 423 420 Jodoh·
456 386 642 431 bestateyet
672 387 733 420 der
762 386 867 420 Stadt
897 386 994 429 lqlcm
1026 387 1094 419 alle
1126 387 1346 429 Pririlessieu.
1378 386 1446 420 mal
1474 387 1641 420 deelmv‘r!
1671 387 1783 429 eim'gye
1815 386 1972 418 Bes-lim—

441 459 584 491 mauyen
614 448 673 481 des
703 446 954 491 Strafreeleles.
990 447 1046 481 Dc.
1080 448 1211 481 Breime.
1241 448 1301 482 31.
1340 449 1414 481 Mai
1444 447 1554 481 1392.

259 525 347 578 Ros
376 544 523 578 Jodocus
553 545 604 578 dei
635 547 750 589 gracia
772 544 921 578 marchio
943 549 974 577 et
996 544 1148 577 dominus
1169 544 1323 579 Moravie
1344 544 1602 578 notumfacimus
1624 549 1740 579 tenore
1762 547 1974 590 presencium

103 608 280 639 universis.
313 605 408 647 Quod
439 617 513 639 cum
543 605 749 640 subditorum
781 610 970 639 nostrorum
993 604 1160 650 suffregiis
1190 618 1233 640 ex
1263 606 1418 640 attribute
1447 605 1542 640 uobis
1573 606 1729 640 divinitus
1758 605 1973 650 benignitatis

69 694 79 697 -
102 666 285 700 clemencia
315 666 490 700 intendere
520 671 705 700 teneamur.
736 669 895 712 precipue
926 670 1035 699 tamen
1065 666 1104 700 ad
1134 666 1206 700 illos
1228 670 1485 712 propiciacionis
1514 671 1628 700 nostre
1650 666 1765 700 oculos
1787 666 1972 710 dirigimus

103 738 186 773 quos
215 738 274 773 pre
304 727 375 761 aliis
404 731 437 761 in
467 727 704 773 temporalibus
735 730 904 761 cernimus
935 726 1059 760 sorcius
1089 732 1121 761 et
1151 727 1258 761 utilius
1288 727 1453 761 laborare.
1513 728 1591 761 ldeo
1629 727 1758 761 civibus
1797 732 1829 760 et
1858 727 1975 760 incolis

102 792 225 823 nostris
264 788 402 823 subditis
440 791 471 822 in
509 788 651 834 Iglavia.
688 792 742 833 qui
772 799 808 822 se
838 793 913 834 aput
944 799 1004 822 nos
1034 787 1098 822 fide
1128 793 1160 821 et
1189 787 1384 822 obediencia
1415 788 1539 834 probos
1569 793 1599 821 et
1631 788 1770 821 idoneos
1804 787 1974 833 multiplici

103 852 274 883 exercicio
312 849 553 896 probaverunt,
591 853 700 883 omnia
740 850 930 896 privilegia.
966 849 1080 882 literas
1120 860 1179 883 seu
1217 852 1363 893 gracias.
1403 861 1466 894 que
1506 854 1534 882 et
1581 860 1662 894 quas
1710 848 1749 881 ab
1795 848 1974 882 illustribus

102 909 306 956 principibus
335 909 472 955 regibus
501 909 640 944 Boemie
671 915 703 944 et
733 909 981 944 marchionibus
1009 909 1164 944 Moravie
1194 913 1316 944 nostris
1346 913 1398 956 pie
1429 910 1679 943 recordacionis
1701 909 1974 955 progenitoribus

103 970 254 1004 obtinere
284 982 384 1017 super
414 971 563 1004 eiusdem
594 976 709 1004 nostre
739 974 883 1004 civitatis
907 970 1039 1015 juribus
1069 975 1101 1004 et
1131 970 1429 1004 constitucionibus
1459 971 1687 1004 dinoscuntur.
1726 974 1756 1004 iu
1787 973 1913 1004 cunetis
1944 975 1975 1003 et

103 1032 242 1076 singulis
263 1034 330 1065 suis
351 1032 510 1074 articulis.
532 1032 700 1065 clausulis.
738 1035 866 1078 punctis
888 1036 918 1065 et
949 1032 1111 1077 capitulis.
1142 1036 1237 1077 prout
1268 1035 1298 1065 iu
1330 1032 1424 1065 dietis
1454 1032 1557 1065 literis
1588 1037 1616 1064 et
1649 1031 1834 1077 privilegiis
1865 1034 1975 1075 origi-

103 1092 231 1126 nalibus
261 1092 302 1126 de
331 1091 438 1126 verbo
468 1093 507 1126 ad
537 1092 678 1126 verbum
709 1095 923 1127 inveniuntur
952 1103 1128 1138 expressa.
1158 1096 1268 1126 animo
1299 1092 1495 1126 deliberato.
1526 1093 1697 1126 voluntate
1728 1091 1831 1126 libera
1863 1103 1900 1125 ae
1931 1092 1971 1125 de

104 1157 194 1187 certa
232 1157 347 1187 nostra
382 1156 528 1187 sciencia
563 1152 778 1187 ratificamus.
819 1153 1055 1199 approbamus,
1095 1153 1267 1187 laudamus
1305 1158 1337 1186 et¹
1375 1156 1498 1186 virtute
1528 1156 1739 1198 presencium
1771 1164 1831 1198 per
1860 1157 1975 1186 nostre

103 1213 360 1248 deliberacionis
389 1214 531 1248 edictum
562 1214 704 1248 tenenda
735 1219 898 1260 perpetuo
928 1213 1175 1248 confirmamus.
1206 1213 1248 1248 Et.
1277 1219 1310 1247 ut
1339 1214 1545 1259 quorundam
1576 1214 1808 1259 capitulorum.
1835 1225 1974 1259 quorum

104 1275 246 1320 quedam
276 1275 436 1320 particula
466 1278 496 1308 iu
526 1275 664 1320 prefatis
694 1276 880 1321 privilegiis
911 1276 1068 1322 implicite
1098 1278 1264 1321 reperitur
1293 1287 1455 1321 expressa
1483 1280 1513 1309 et
1535 1275 1675 1321 quedam
1698 1286 1763 1308 uon
1785 1279 1834 1308 est
1856 1278 1976 1320 posita.

104 1335 233 1382 plenior
252 1338 375 1369 noticia
395 1334 571 1378 habeatur,
588 1340 735 1382 presenti
757 1342 872 1370 nostro
902 1337 1079 1383 privilegio
1110 1336 1267 1382 explicite
1297 1339 1399 1370 inseri
1429 1337 1654 1370 decrevimus.
1686 1341 1717 1369 ut
1736 1336 1840 1369 dictus
1863 1340 1976 1369 nostre

105 1400 249 1431 civitatis
269 1397 409 1443 populus
434 1398 510 1441 jura
540 1408 599 1431 sua
629 1398 831 1443 peramplius
861 1398 921 1432 sub
950 1397 1108 1442 ambiguo
1137 1408 1203 1431 non
1234 1402 1375 1432 teneret.
1406 1400 1564 1442 graciose
1594 1397 1719 1431 eisdem
1748 1399 1977 1430 concessimus

105 1463 138 1492 et
171 1470 305 1492 exnunc
342 1463 440 1504 prout
469 1462 592 1492 extunc
620 1461 809 1503 graciosius
839 1459 1055 1493 concedimus
1085 1463 1114 1492 et
1146 1458 1312 1498 favemus.
1342 1463 1375 1492 ut
1405 1461 1436 1492 in
1467 1463 1624 1492 eventum
1655 1457 1709 1491 ubi
1739 1461 1811 1503 quis
1841 1457 1893 1491 fur
1922 1458 1976 1491 vel

104 1520 328 1554 incendiarius
358 1522 472 1553 mortis
501 1519 663 1565 supplicio
692 1523 877 1565 puniretur,
908 1520 995 1565 quod
1026 1520 1066 1554 de
1095 1519 1191 1554 bonis
1220 1522 1322 1565 ipsius
1352 1519 1528 1553 mobilibus
1558 1524 1590 1552 et
1611 1518 1833 1552 immobilibus
1868 1518 1976 1552 taliter

105 1581 310 1626 disponatur,
327 1585 361 1613 ut
389 1584 465 1614 ante
495 1583 604 1614 omnia
635 1590 723 1614 uxor
752 1583 823 1614 eius
853 1580 962 1614 dotem
985 1592 1078 1614 suam
1100 1583 1238 1626 recipiat
1268 1585 1300 1613 et
1321 1583 1351 1614 in
1373 1585 1484 1626 partes
1505 1580 1587 1613 duas
1608 1579 1776 1613 residuum
1798 1579 1976 1613 dividatur.

105 1644 198 1675 cuius
227 1641 390 1675 medietas
417 1641 458 1675 ad
488 1644 658 1675 civitatem
689 1641 847 1675 deveniet
877 1646 907 1674 et
938 1641 1042 1675 altera
1073 1642 1234 1675 medietas
1263 1641 1302 1675 ad
1334 1644 1404 1675 eius
1436 1641 1591 1675 heredes.
1622 1645 1654 1674 et
1683 1643 1709 1674 si
1740 1640 1883 1674 heredes
1912 1651 1976 1673 uon

105 1702 322 1748 relinqueret,
360 1702 477 1737 saltem
516 1702 556 1736 ad
595 1705 821 1748 proximiores
859 1705 986 1736 amicos
1029 1701 1163 1736 debebit
1205 1703 1363 1737 derivari.
1422 1702 1457 1736 Si
1496 1707 1606 1736 autem
1645 1706 1753 1735 morte
1792 1701 1978 1747 puniendus

105 1774 315 1810 quocumque
344 1774 424 1797 casu
453 1766 614 1805 evaserit,
644 1767 721 1796 tunc
750 1762 836 1797 bona
866 1774 925 1796 sua
955 1763 1165 1797 solummodo
1195 1763 1236 1797 de
1257 1766 1304 1797 eis
1335 1763 1411 1797 dote
1437 1766 1553 1797 uxoris
1583 1763 1737 1798 deducta.
1768 1773 1978 1807 quecumque.

53 1824 58 1830 '
105 1825 229 1859 fuerint
248 1823 383 1858 mobilia
403 1828 436 1857 et
454 1823 635 1858 immobilia
657 1824 697 1858 ad
727 1827 897 1858 civitatem
928 1824 1107 1858 deveniant
1138 1824 1348 1868 integraliter
1376 1829 1407 1857 et
1437 1835 1481 1857 ex
1511 1828 1591 1858 toto.
1622 1826 1779 1868 quoniam
1810 1823 1978 1860 nolumus„

107 1885 194 1932 quod
231 1896 268 1919 se
306 1885 424 1930 aliquis
458 1896 501 1918 ex
530 1889 625 1930 parte
654 1888 758 1919 nostri
789 1885 829 1918 de
859 1884 978 1919 talibus
1006 1888 1213 1919 intromittat.
1270 1885 1333 1919 Ubi
1363 1890 1473 1918 autem
1503 1885 1645 1930 aliquem
1677 1895 1736 1929 pro
1767 1895 1977 1929 quocumque

107 1957 251 1981 excessu
267 1946 430 1979 criminali
457 1946 513 1979 vel
534 1945 675 1979 honesto
697 1946 908 1980 mutilacione
938 1945 1164 1979 membrorum
1185 1946 1240 1980 vel
1261 1946 1323 1979 alia
1344 1957 1429 1991 pena
1452 1948 1604 1991 corporis
1624 1947 1733 1991 puniri
1754 1947 1979 1989 contingeret.

108 2012 185 2041 tunc
222 2006 308 2041 bona
348 2018 407 2041 sua
445 2005 519 2049 sihi.
559 2010 655 2040 uxori
695 2011 725 2040 et
765 2006 945 2040 heredibus
975 2010 1043 2040 suis
1073 2007 1195 2041 debent
1223 2007 1294 2040 fieri
1324 2018 1459 2053 semper
1488 2007 1593 2041 salva.
1652 2006 1792 2051 Insuper
1822 2006 1978 2051 quidquid

101 2069 202 2112 jurati
233 2071 263 2101 et
293 2070 388 2101 cives
418 2070 562 2101 civitatis
592 2072 707 2101 nostre
733 2068 894 2112 jamdicte
932 2079 991 2101 seu
1022 2072 1255 2102 montanorum
1285 2079 1344 2114 pro
1374 2069 1462 2101 bono
1493 2070 1660 2101 communi
1700 2070 1731 2100 in
1762 2066 1867 2100 l'orma
1893 2067 1980 2110 juris

107 2140 167 2163 seu
204 2140 264 2175 pro
299 2130 375 2173 jure
405 2131 437 2163 in
466 2128 558 2163 libris
588 2131 657 2162 suis
687 2131 919 2163 constituerint
949 2140 1009 2162 seu
1039 2129 1281 2164 ordinaverint.
1312 2129 1398 2174 quod
1429 2128 1469 2161 ab
1499 2128 1652 2162 omnibus
1682 2127 1808 2173 absque
1838 2132 1980 2160 contra-

107 2189 259 2224 diccionc
297 2189 441 2235 qualibet
479 2188 714 2223 inviolabiliter
753 2188 965 2223 observetur.
996 2188 1111 2222 Eciam
1143 2189 1296 2223 volumus
1326 2194 1356 2222 et
1383 2200 1546 2234 expresse
1576 2188 1617 2222 ad
1647 2188 1711 2221 hoc
1741 2190 1980 2221 consentimus.

108 2255 142 2285 ut
179 2250 445 2296 deliuquencium
485 2250 627 2284 emende
665 2261 783 2284 omnes
822 2254 854 2283 et
887 2250 1031 2294 singule,
1061 2253 1092 2283 in
1131 2250 1248 2295 quibus
1286 2254 1474 2295 patratores
1514 2249 1675 2282 malorum
1707 2251 1812 2294 puniri
1852 2250 1980 2281 iusticia

108 2311 327 2354 debehuntur.
366 2323 504 2357 prorsus
551 2311 590 2344 ad
634 2311 780 2355 judicem
830 2316 859 2344 et
903 2312 1035 2355 juratos
1082 2315 1172 2345 iuxta
1221 2322 1336 2344 eorum
1381 2313 1513 2355 antiqua
1554 2309 1730 2355 privilegia
1774 2314 1805 2342 et
1835 2320 1900 2342 nou
1939 2308 1978 2341 ad

108 2377 256 2406 nostram
297 2383 465 2405 cameram
510 2371 651 2406 debeant
696 2372 856 2406 derivari.
904 2375 965 2406 nisi
1013 2372 1053 2405 ad
1100 2375 1205 2406 nostri
1243 2371 1449 2405 audienciam
1490 2370 1690 2416 appellatum
1738 2369 1856 2410 fuerit3
1905 2380 1979 2401 nam

108 2436 139 2466 in
187 2443 265 2466 casu
313 2432 501 2466 huiusmodi
547 2444 651 2478 penas
695 2444 755 2467 seu
803 2433 974 2476 emendas,
1021 2445 1084 2478 que
1131 2433 1240 2467 taliter
1286 2444 1400 2466 coram
1448 2436 1562 2465 nostro
1610 2430 1743 2464 ol’liciali
1791 2433 1980 2464 evenerint.

108 2504 172 2538 que
189 2503 232 2526 ex
261 2492 470 2538 presidencia
493 2504 551 2526 seu
577 2493 807 2539 appellacione
827 2497 932 2527 nostri
954 2494 1105 2528 officialis
1126 2506 1191 2528 non
1213 2493 1422 2527 debebantur
1442 2495 1571 2537 auoeri.
1603 2503 1662 2537 pro
1684 2490 1780 2525 nobis
1801 2490 1979 2524 observari

109 2554 334 2596 decernimus.
377 2553 655 2599 quemadmodum
699 2554 763 2588 hoc
806 2554 891 2588 idem
935 2566 952 2587 a
997 2558 1173 2588 retroactis
1213 2553 1417 2600 temporibus
1460 2558 1509 2587 est
1549 2552 1709 2585 hactenus
1749 2551 1980 2585 observatum.

108 2613 232 2648 Ultimo
262 2614 404 2658 denique
434 2616 618 2647 statuimus.
650 2619 682 2647 ut
712 2617 742 2648 iu
772 2618 893 2657 causis.
925 2626 1006 2660 quas
1036 2626 1149 2648 coram
1176 2614 1290 2659 judice
1321 2616 1499 2657 contigerit
1528 2612 1694 2646 ventilari.
1724 2617 1818 2646 actor
1844 2616 1876 2645 et
1904 2623 1982 2645 reus

109 2677 182 2708 sive
230 2674 397 2719 litigantes
440 2679 495 2707 aut
534 2685 649 2708 eorum
689 2680 927 2720 procuratores
966 2687 1024 2709 seu
1068 2676 1302 2721 proloqutores
1350 2686 1427 2708 suas
1466 2677 1673 2707 iuteueiones
1714 2673 1826 2707 verbis
1865 2673 1981 2718 planis.

1822 2736 1858 2760 io
