2313 3090
1046 179 1119 213 217

148 285 233 319 tibus
262 285 317 318 vel
346 296 460 319 earum
491 285 595 318 altera
625 284 776 320 ahsente.
817 285 892 319 dum
924 290 1034 319 tamen
1064 283 1271 318 sufficienter
1300 288 1419 318 vocata
1451 283 1561 325 fuerit3
1605 281 1811 315 arbitrabunt
1841 280 2022 315 laudabunt

148 357 187 379 ac
223 345 452 390 emulgabunt,
488 350 519 379 ct
556 350 671 380 contra
710 346 763 380 illa
802 347 857 380 vet
893 346 969 379 illud
1008 349 1039 379 in
1075 345 1184 390 aliquo
1214 356 1280 378 non
1311 348 1429 378 venire
1459 344 1567 388 aliqua
1598 346 1735 376 racione
1765 343 1819 376 vel
1850 353 1951 375 causa
1982 342 2022 375 de

143 408 220 451 jure
255 406 310 440 vel
347 407 387 440 de
425 406 525 440 facto.
582 407 635 440 Ac
673 408 759 452 qusid
799 407 937 441 arbitrio
976 412 1006 440 ct
1044 408 1342 452 pronuncciacioui
1382 405 1480 438 laudo
1519 404 1727 437 ordinacioui
1768 408 1798 436 et
1829 402 2023 436 diffinicioni

146 467 304 514 predictis
334 479 394 513 per
423 468 529 500 dictos
558 467 702 501 arbitros
723 468 941 502 arbitratores
963 479 1001 501 ac
1022 466 1215 501 amicabiles
1236 469 1480 511 compositores
1502 465 1690 498 faciendum
1714 464 2023 509 pronuncciauduin

147 533 179 562 et
208 528 436 562 diffiniendum
467 529 741 562 sentencianduiu
772 540 811 562 ac
841 529 1109 575 componendum
1138 538 1306 573 nunquam
1337 526 1551 572 appellabunt
1581 537 1644 559 nec
1673 525 1928 571 proclamabunt
1962 536 2021 558 seu

147 593 320 622 recurrent
360 589 401 623 ad
438 588 611 623 arbitrium
650 590 786 623 alterius
824 589 899 623 boni
931 592 1006 623 viri.
1045 600 1107 623 nec
1146 589 1199 622 illa
1229 588 1283 621 vel
1318 592 1445 633 partein
1478 587 1606 620 illorum
1637 590 1750 631 petent
1778 589 1936 619 revocari
1966 585 2020 619 vel

148 649 316 684 moderari
345 649 405 683 sub
435 661 520 695 pena
551 655 683 684 centum
714 651 919 684 florenorum
950 653 1021 683 auri
1052 650 1092 683 (te
1122 660 1256 683 camera
1286 648 1364 682 boni
1395 653 1423 681 et
1456 651 1528 681 iusti
1561 647 1729 692 ponderis.
1761 657 1844 691 quos
1874 658 1891 679 a
1914 650 2019 691 parte.

147 722 210 756 que
250 715 364 744 contra
402 713 565 756 premissa
602 711 656 744 vel
693 711 814 756 aliquid
854 714 1094 757 premissorum
1133 721 1191 743 seu
1230 709 1494 755 dependencium
1527 708 1566 741 ab
1597 708 1735 743 eisdem.
1771 706 2021 751 quomodolibet

147 776 262 806 contra
293 771 422 815 fecerit,
460 772 637 805 voluerunt
668 775 727 817 ipsi
759 775 1068 817 ct›iupromittentes
1106 782 1166 817 per
1194 774 1285 816 ipsos
1315 770 1457 804 arbitros
1487 769 1706 802 arbitrutores
1737 779 1794 801 seu
1825 767 2019 801 amicabiles

147 835 391 879 compositores
421 831 461 865 ab
492 832 608 865 eadem
641 838 733 878 parte
763 836 969 878 extorqueri.
1027 832 1178 874 Quorum
1219 832 1428 865 medietatem
1465 841 1600 863 camere
1630 828 1826 874 apostoliceq
1857 828 2019 873 reliquam

147 905 230 927 vero
259 898 388 939 partem
417 896 496 939 ipsis
527 893 659 927 arbitris
690 898 721 926 et
750 893 1005 927 urbttratortbns
1034 894 1147 927 usibus
1173 893 1398 926 decreverunt
1429 891 1598 936 applicari.
1632 889 1718 922 Pena
1750 900 1834 922 vero
1856 892 2019 934 premissa

148 954 253 988 soluta
270 955 326 988 vel
354 965 421 988 non
451 955 568 988 soluta.
600 958 877 1001 compromissum
908 966 947 988 ac
967 954 1099 987 laudum
1120 965 1180 987 seu
1205 952 1377 986 arbitrium
1399 952 1564 997 prefatum
1587 949 1762 983 ferendum
1786 949 2020 983 nichilominus

146 1015 276 1061 plenam
307 1015 451 1049 obtineat
484 1015 616 1049 roboris
646 1015 846 1049 tiriuitatem.
892 1015 954 1049 Pro
985 1014 1101 1060 quihus
1140 1013 1292 1048 omnibus
1328 1018 1358 1046 et
1398 1012 1537 1056 siugulis
1576 1011 1777 1056 supradictis
1813 1011 2020 1056 complendis

146 1080 178 1109 ct
206 1076 444 1111 inviolabiliter
473 1075 695 1110 observandis
727 1080 796 1122 ipse
826 1077 978 1109 (lominus
1008 1076 1214 1110 Bertrandus
1255 1079 1455 1120 procurator
1485 1077 1514 1105 ct
1546 1074 1778 1117 procuratorio
1809 1074 1955 1105 nominc-
1988 1076 2018 1104 ut

145 1139 357 1182 premittitur.
389 1137 464 1170 dicti
495 1137 619 1170 domini
648 1136 811 1170 Jotiauuis
842 1136 958 1170 Salsar
987 1136 1178 1182 principalis
1208 1147 1244 1170 se
1274 1139 1379 1181 ipsum
1410 1146 1555 1179 suosque
1582 1133 1725 1166 heredes
1747 1137 1776 1164 et
1799 1143 2019 1165 successores

145 1208 185 1231 ac
221 1201 330 1231 omnia
367 1209 425 1231 sua
462 1202 493 1231 et
527 1209 662 1231 suorum
700 1197 785 1231 bona
826 1198 957 1231 mobilia
997 1202 1029 1231 et
1058 1197 1249 1239 immobilia„
1288 1198 1464 1242 presencia
1495 1199 1525 1227 et
1570 1193 1692 1228 futura.
1728 1193 1958 1226 ecclesiastica
1989 1198 2020 1226 et,

146 1259 310 1292 mundana
349 1259 538 1304 ubicunque
577 1262 760 1292 existencia
798 1259 885 1292 dicto
922 1259 1055 1292 domino
1091 1258 1282 1292 Theodrico
1321 1257 1482 1301 obligavit
1517 1257 1710 1301 ypotecavit
1740 1254 1845 1287 voluit
1885 1266 2020 1299 quoque

145 1323 177 1353 et
210 1323 374 1365 promisit,
400 1324 490 1353 stare
528 1323 559 1352 iu
595 1319 749 1353 omnibus·
786 1326 815 1353 et
855 1320 994 1363 singulis
1033 1323 1162 1364 punctis
1200 1322 1305 1365 pactis
1344 1316 1611 1362 obligacionibus
1648 1320 1678 1349 et
1708 1317 1803 1360 penis
1835 1317 1917 1349 sicut
1949 1318 2019 1360 ipse

146 1380 298 1414 dominus
317 1379 492 1414 Johannes
512 1381 714 1426 principalis.
746 1380 857 1426 Super
878 1380 996 1426 quibus
1017 1380 1168 1414 omnibus
1189 1385 1222 1413 et
1242 1379 1382 1424 singulis
1408 1381 1581 1424 premissis
1603 1378 1679 1411 dicti
1709 1379 2019 1422 compromittentes

146 1452 199 1475 me
228 1441 474 1487 infrascriptum
507 1445 671 1475 notarium
702 1441 867 1487 publicum
899 1444 1158 1486 requisiverunt.
1190 1446 1222 1474 ut
1251 1444 1331 1486 ipsis
1353 1451 1450 1473 unum
1474 1439 1527 1472 vet
1548 1439 1641 1484 plura
1663 1437 1864 1471 conficerem
1886 1435 2017 1482 publica

145 1504 375 1536 instrumenta.
432 1503 519 1536 Acta
558 1508 633 1536 sunt
669 1502 731 1536 hec
772 1502 878 1536 Rome
917 1506 946 1535 in
985 1502 1121 1535 basilica
1160 1505 1319 1548 principis
1356 1501 1584 1547 apostotorum
1625 1499 1666 1532 de
1705 1498 1787 1532 urbe
1826 1498 1886 1531 sub
1916 1508 2017 1535 annm,

145 1563 333 1597 indiccione
363 1564 416 1597 die
442 1574 558 1597 mense
587 1563 668 1597 hora
700 1568 731 1597 et
761 1564 972 1609 pontificatus
1002 1564 1120 1609 quibus
1150 1575 1260 1610 supra.
1293 1561 1508 1596 presentibus
1538 1559 1789 1594 honorabilibus
1810 1563 1839 1592 et
1864 1559 2018 1592 discretis

145 1627 228 1658 viris
257 1629 288 1657 et
318 1625 459 1658 dominis
488 1624 642 1658 Johanne
671 1625 712 1658 de
742 1624 915 1659 Strazniez
946 1628 1109 1659 canonico
1139 1624 1368 1658 Olomuceusi.
1397 1622 1551 1656 Johanue
1573 1622 1659 1655 dicte
1679 1620 1830 1654 Jeskone
1852 1621 2017 1652 caminico

145 1683 334 1718 Brunnensi
380 1684 627 1728 Olomucensis„
671 1689 832 1731 magistro
882 1687 1063 1720 Francisco
1106 1686 1199 1731 Bory
1236 1689 1370 1719 rectore
1413 1683 1616 1729 parochialis
1660 1681 1805 1715 ecclesie
1848 1682 1880 1713 iu
1919 1679 2017 1712 Swin

144 1745 438 1780 Wratislaviensis
467 1746 624 1781 diocesis.
655 1747 759 1781 fratre
789 1747 888 1781 Petro
928 1748 1014 1781 dicto
1054 1747 1162 1781 Pestat
1197 1750 1331 1779 rectore
1367 1743 1570 1790 parochialis
1609 1742 1755 1776 ecclesie
1795 1743 1826 1774 in
1865 1739 2018 1773 Trebacz

104 1826 110 1834 ι
146 1805 380 1841 olomucensis
410 1807 566 1847 diocesis.¹
596 1808 736 1842 testibus
765 1809 805 1842 ad
835 1811 998 1854 premissa
1030 1810 1159 1841 vocaus
1189 1806 1382 1852 specialiter
1411 1809 1443 1838 et
1473 1807 1612 1849 rogatis.

300 1866 343 1901 Et
371 1878 435 1912 ego
466 1867 701 1912 sigismundus
731 1874 792 1903 etc.
823 1869 1007 1915 apostolica
1037 1874 1067 1902 et
1097 1865 1259 1913 imperiali
1289 1869 1488 1900 auctoritate
1518 1867 1667 1898 notarius
1698 1868 1761 1897 etc.

458 1947 550 1981 (Ox-ig,
576 1947 660 1981 Perg.
686 1949 722 1973 im
748 1948 899 1974 fiirsterzl).
927 1949 1050 1974 Archive
1075 1948 1103 1973 in
1129 1945 1298 1977 Kremsier.)

1025 2060 1134 2096 2⁹5.

1060 2080 1102 2094 OQ

150 2136 373 2181 Transsumpt
401 2138 462 2171 der
497 2137 656 2171 L'rltmzde
692 2138 751 2171 des
792 2138 966 2171 Olma'tz-er
998 2133 1178 2181 Biselmses
1206 2136 1345 2169 Jolmnn
1385 2135 1461 2167 (ido.
1501 2134 1561 2166 30.
1593 2131 1793 2176 September
1833 2130 1929 2163 1340
1955 2131 2015 2173 fur

448 2198 512 2231 das
541 2198 817 2232 Nonuenlsloster
846 2201 879 2232 in
909 2199 1068 2232 Pustmc'r.
1100 2197 1158 2231 Dt.
1191 2197 1249 2230 22.
1284 2195 1475 2229 December
1509 2193 1616 2227 1394.

302 2273 347 2328 1η
377 2297 510 2328 nomine
541 2295 663 2328 domini
694 2307 802 2329 amen.
844 2295 912 2329 Sub
943 2306 1028 2328 anuo
1060 2296 1241 2328 nativitatis
1272 2291 1420 2325 eiusdem
1445 2291 1619 2324 millesimo
1640 2290 1878 2322 trecentesimo
1900 2297 2013 2319 nona—

143 2358 274 2400 gesimo
313 2361 442 2401 quarto.
482 2356 670 2390 indiccione
708 2357 876 2391 secunda.
914 2357 966 2389 (lic
1005 2358 1166 2389 vicesima
1214 2353 1360 2387 secunda
1397 2354 1520 2385 mensis
1560 2349 1758 2384 Decembris
1796 2351 1828 2381 iu
1866 2347 2012 2380 claustro

143 2415 302 2459 Pussmir.
333 2416 542 2462 pontificatus
585 2421 784 2451 sanctissimi
815 2421 844 2451 in
876 2416 1009 2450 Christo
1039 2419 1141 2462 patris
1171 2420 1201 2448 et
1232 2415 1367 2448 domiui.
1398 2413 1520 2445 domini
1552 2411 1714 2444 Bonifaeii
1746 2409 1857 2442 ‹tis-ina
1888 2410 2012 2453 provi-

142 2478 258 2512 dencia
288 2489 372 2524 pape
402 2482 479 2512 noni
509 2490 595 2512 auno
625 2483 733 2512 sexto.
764 2478 969 2512 honorabilis
1003 2480 1056 2511 vir
1093 2477 1245 2510 dominus
1270 2474 1453 2509 Johannes.
1494 2472 1570 2505 dicti
1610 2472 1746 2504 claustri
1786 2472 1944 2515 provisor
1983 2473 2015 2501 et,

141 2541 330 2584 prepositus
359 2550 398 2572 ac
428 2538 587 2585 plebanus
618 2542 647 2572 iu
678 2538 754 2572 Salz
793 2538 951 2584 quasdam
982 2539 1096 2572 literas
1126 2565 1132 2571 .
1166 2564 1171 2569 .
1206 2565 1212 2570 .
1246 2565 1250 2570 .
1284 2535 1382 2569 michi
1412 2533 1559 2567 exhibuit
1591 2542 1722 2565 necnon
1753 2542 1805 2564 me
1826 2532 2013 2575 requisivit.

141 2605 304 2645 quatenus
334 2603 422 2646 ipsas
451 2605 712 2633 transsumerem
743 2612 782 2633 ac
812 2603 842 2633 in
874 2600 1014 2633 formam
1045 2599 1165 2644 publici
1195 2599 1402 2632 instrumenti
1435 2595 1635 2639 redigerem.
1668 2592 1782 2625 'l‘euor
1811 2602 1896 2625 vero
1927 2591 2015 2623 dicte

141 2661 236 2695 litere
265 2661 450 2696 dinoscitur
481 2661 552 2694 t'ore
582 2661 672 2694 talis:
706 2660 765 2706 „Iu
795 2664 929 2694 nomine
958 2665 1074 2694 sancte
1104 2664 1133 2692 et
1165 2659 1333 2693 individue
1363 2656 1534 2689 Trinitatis
1563 2657 1665 2700 patris
1695 2657 1726 2686 et
1748 2652 1802 2685 tilii
1825 2656 1855 2685 ct
1877 2654 2012 2696 spiritus

1840 2715 1877 2738 εκ
