2313 3090
995 200 1068 234 ‘293

98 309 127 339 et
158 304 379 347 declaramus.
410 304 541 350 prefato
570 308 807 350 transsumpto.
839 305 1054 351 transscriplo
1085 309 1115 338 et
1146 304 1302 350 exemplo
1331 304 1492 338 dictarum
1521 305 1691 338 literarum
1709 303 1966 349 apostolicarum

98 365 256 410 deinceps
294 367 326 398 in
360 364 487 409 Judicio
524 369 555 398 et
585 369 681 398 extra
712 376 788 399 esse
818 366 948 411 plenam
978 364 1075 399 fidem
1106 364 1340 405 adhibendam„
1383 377 1422 399 ae
1451 366 1615 412 prefatum
1647 368 1905 410 transsumptum
1937 368 1967 396 et

99 425 288 471 exemplum
327 424 509 470 plenariam
540 424 638 458 fidem
669 436 706 459 ac
736 425 975 471 probacionem
1004 426 1118 460 facere
1147 438 1187 460 ac
1216 427 1357 460 eandem
1387 430 1455 461 vim
1485 426 1649 469 obtinere,
1692 437 1789 472 quam
1820 425 1969 459 obtinent

97 486 193 520 litere
221 485 405 531 apostolice
434 485 626 530 originales.
657 496 697 519 ac
725 489 752 519 si
781 489 887 520 eciam
917 490 988 534 ipse
1008 487 1190 532 originales
1209 488 1305 521 litere
1325 499 1385 534 per
1405 491 1515 522 omnia
1536 492 1748 534 apparerent.
1770 486 1808 521 In
1828 497 1969 532 quorum

100 549 246 581 omnium
294 550 325 580 et
370 546 577 590 singulorum
621 550 845 581 testiinonium
883 551 1123 594 premissorum
1160 553 1335 594 presentes
1372 548 1487 582 literas
1525 560 1584 582 seu
1623 559 1763 594 presens
1801 546 1967 593 publicum

98 610 352 642 instrumentum
390 618 451 653 per
487 610 653 640 notarium
690 607 855 654 publicum
886 609 1133 655 infrascriptum
1163 608 1263 643 scribi
1293 614 1323 643 et
1353 609 1514 655 publicari
1543 609 1774 643 mandavimus
1805 612 1836 641 et
1866 610 1970 641 nostri

95 669 257 714 jussimus
294 668 392 712 sigilli
431 670 636 714 appensione
673 673 883 704 communiri.
930 671 1054 704 Actum
1091 675 1121 704 et
1160 670 1270 704 datum
1305 670 1526 705 VVratislavie
1565 670 1624 704 sub
1664 681 1751 704 anno
1789 671 1970 703 nativitatis

71 722 224 763 :domini
262 728 436 763 millesimo
467 731 704 763 trecentesimo
734 733 954 775 nonagesimo
985 735 1094 774 sexto}
1138 731 1324 765 indiccione
1355 736 1484 776 quarta7
1528 731 1580 765 die
1610 742 1698 765 nona
1728 733 1852 764 mensis
1880 729 1971 771 Maii.

100 789 183 824 hora
203 792 384 823 terciarum
407 790 461 824 vel
481 793 587 836 quasi.
609 794 686 823 ante
706 793 814 824 minus
831 794 950 824 ostium
968 792 1112 825 ecclesie
1127 791 1431 835 XVratislaviensis,
1448 791 1502 825 ubi
1519 795 1551 825 in
1567 795 1677 825 causis
1694 791 1856 836 delegatis
1872 801 1972 825 com-

101 853 244 884 muniter
257 850 459 896 presidetur‚
482 850 692 896 pontificatus
712 851 893 897 supradicti
910 852 1032 885 domini
1050 855 1155 886 nostri
1171 852 1295 886 domini
1310 852 1474 886 Bonifacii
1490 864 1574 898 pape
1592 852 1696 886 VIIII.
1715 864 1801 886 anno
1817 855 1970 898 septimo.

101 910 317 951 Presentibus
344 911 512 956 religiosis
542 916 573 946 et
603 912 755 946 discretis
785 915 866 946 viris
895 912 1052 946 fratribus
1081 912 1182 946 Paulo
1212 913 1252 946 de
1281 913 1405 958 nga,
1435 913 1562 947 Jacobo
1593 914 1633 947 de
1662 914 1792 959 XVyaw
1811 913 1974 959 professis

102 970 228 1006 ordinis
258 974 496 1006 canonicorum
527 972 731 1017 regularium
763 977 792 1006 et
823 976 1015 1007 monasterii
1044 974 1283 1019 predictorum.
1313 973 1453 1008 Nicolao
1484 974 1524 1007 (le
1554 973 1658 1008 Thost
1693 975 1816 1008 clerico
1838 974 1974 1007 XVrati—

102 1032 280 1067 slaviensis
323 1032 491 1081 diocesis„
525 1036 655 1067 notario
698 1032 830 1079 publico
873 1038 903 1067 et
947 1033 1152 1068 wenceslao
1191 1035 1369 1069 Borewicz
1404 1034 1569 1069 familiare
1604 1040 1731 1079 nostro,
1767 1034 1905 1069 testibus
1935 1035 1973 1068 ad

102 1095 267 1138 premissa
296 1096 427 1128 vocatis
456 1093 650 1139 specialiter
679 1097 709 1127 et
738 1097 877 1138 rogatis.

259 1153 302 1188 Et
339 1165 405 1199 ego
443 1153 586 1188 Mathias
626 1154 792 1200 quondam
832 1154 962 1188 Nicolai
999 1155 1039 1189 de
1079 1155 1254 1202 Goltperg‚
1298 1155 1590 1190 wratislaviensis
1629 1156 1784 1200 diocesis
1827 1156 1978 1203 publicus

65 1235 69 1238 -
104 1214 269 1260 imperiali
297 1218 496 1249 auctoritate
526 1218 676 1249 notarius
705 1220 769 1249 etc.

418 1328 727 1363 (Originaltransumpt
752 1330 787 1354 iiii
814 1330 964 1355 fijrswrzb.
989 1331 1113 1355 Arehiw·
1138 1331 1166 1355 in
1188 1331 1353 1365 Krei‘nsier.)

990 1477 1100 1512 316.

160 1552 331 1598 Stephan,
369 1553 474 1587 Prior
503 1554 564 1588 der
594 1554 817 1588 Kartluiuser
847 1557 880 1588 in
910 1554 1047 1588 Dolez'n.
1079 1555 1183 1588 bietel
1212 1554 1274 1587 den
1305 1554 1542 1598 Almus-{inerte
1572 1556 1604 1587 ίη
1637 1554 1840 1588 Ι,αη(ΙεΙιί·οιι
1871 1554 1926 1588 (1ιέ

580 1615 862 1659 Confraterm‘lrit
899 1627 953 1648 (ιη.
996 1615 1053 1648 ΠΙ.
1095 1614 1151 1649 12.
1183 1615 1259 1648 Mai
1288 1614 1398 1649 1396.
1430 1628 1456 1648 ε.
1488 1615 1509 1648 l.

262 1690 544 1744 venerabilibus
582 1713 614 1744 in
651 1710 785 1745 Christo
822 1710 970 1756 patribus
1009 1716 1039 1744 et
1079 1711 1222 1745 dominis
1261 1712 1394 1746 domino
1424 1712 1571 1746 Henrico
1602 1716 1784 1758 prepositQ
1814 1715 1918 1758 priori
1949 1717 1978 1745 et

109 1773 168 1804 toti
195 1774 378 1805 conventui
407 1782 504 1805 sacre
534 1775 819 1817 congregacionis
848 1772 987 1805 fratrum
1018 1776 1258 1806 canonicorum
1289 1773 1492 1817 regularium
1523 1773 1649 1806 ordinis
1670 1776 1776 1807 sancti
1797 1774 1976 1817 Augustini

87 1834 140 1866 «in
174 1831 370 1866 Lanskrona
406 1831 511 1865 frater
550 1832 742 1878 Stephanus
779 1833 933 1877 indignus
969 1836 1060 1878 prior
1098 1837 1128 1866 et
1167 1837 1253 1866 totus
1292 1838 1480 1867 conventus
1519 1833 1636 1867 domus
1674 1833 1779 1867 Vallis
1817 1833 1977 1879 Josapliat

107 1891 235 1926 ordinis
274 1891 524 1925 Carthusiensis
560 1895 592 1926 in
631 1892 738 1926 Dolan
768 1904 874 1939 prope
905 1893 1066 1926 Olomuez
1096 1894 1235 1926 salutem
1266 1898 1297 1926 et
1327 1894 1546 1927 dileccionein
1576 1899 1607 1927 et
1637 1894 1768 1928 celitain
1799 1905 1915 1940 pacem
1946 1897 1977 1927 iu

106 1951 319 1999 presentibus
348 1957 447 1997 atque
476 1952 641 1987 bonorum
672 1953 822 1987 laborum
853 1954 995 1987 fructum
1026 1957 1244 1988 centesimum
1275 1958 1307 1988 in
1337 1954 1456 1988 futuris
1485 1955 1607 1988 seculis
1636 1955 1817 1999 gloriosius
1839 1956 1975 2001 adipsci.

106 2013 266 2058 Magnam
308 2012 406 2047 nobis
445 2012 652 2048 dilectissimi
695 2020 886 2048 sanctarum
926 2019 1165 2060 scripturarum
1206 2015 1316 2048 iuundi
1355 2016 1533 2049 salvatoris
1571 2022 1810 2054 congestarum
1847 2016 1977 2050 confert

110 2075 282 2108 utilitatem
312 2077 486 2117 memoria,
516 2078 543 2108 si
573 2087 637 2121 que
667 2076 819 2110 audimus
849 2081 877 2109 et
910 2077 1051 2117 legimus
1081 2076 1263 2108 dex-ociore
1293 2081 1455 2121 provectu
1478 2079 1510 2109 in
1532 2076 1681 2110 fraterne
1702 2080 1848 2110 caritatis
1869 2076 1978 2110 officia

109 2140 266 2181 quantum
304 2146 483 2181 possumus
522 2139 555 2170 in
593 2136 725 2170 domino
762 2136 865 2170 Jliesu
906 2137 1038 2170 Chi-isto
1079 2136 1250 2169 ell'ectibus
1280 2136 1516 2182 approbamus.
1574 2137 1657 2170 [line
1688 2140 1809 2171 etenim
1840 2142 1978 2182 paterne

109 2196 331 2230 solicitudinis
360 2202 555 2231 sanctorum
586 2198 812 2243 apostolorum
844 2202 986 2231 conante
1017 2197 1194 2241 vigilancia
1225 2208 1287 2241 qua
1320 2197 1427 2239 „aller
1457 2198 1593 2230 alterius
1623 2209 1725 2231 onera
1756 2202 1922 2243 portate.'··
1948 2203 1976 2231 et

109 2260 228 2291 iterum
261 2262 378 2302 „orate
407 2261 631 2303 proinvicem,
671 2263 703 2291 ut
733 2259 932 2292 salvemini··
966 2258 1105 2300 dicitur}
1143 2261 1302 2303 sapientis
1332 2269 1464 2303 quoque.
1495 2258 1679 2291 accedente
1700 2262 1885 2292 sentencia.
1916 2270 1978 2303 qua

110 2317 250 2362 legitur:
310 2317 437 2362 „frater
475 2322 529 2363 qui
566 2318 701 2352 adiuvat
739 2319 874 2352 fratrem
912 2324 1076 2364 tamquam
1114 2322 1233 2352 civitas
1272 2319 1567 2364 inexpugnabilis*
1596 2324 1747 2353 sanctuni
1778 2332 1816 2353 ac
1846 2319 1979 2353 salubre

111 2382 264 2424 putamus
294 2378 376 2411 tales
405 2382 436 2412 in
467 2378 600 2412 Christo
630 2380 669 2412 ad
700 2383 866 2425 presentis
896 2383 1185 2425 peregrinat-ionis
1215 2379 1393 2412 tollendum
1416 2379 1581 2412 fastidium
1603 2380 1753 2423 collegas
1775 2383 1806 2413 in
1826 2391 1979 2424 genera-

111 2438 196 2473 libus
224 2438 440 2484 singulariter
470 2442 656 2484 requirerQ
688 2451 760 2473 cuin
787 2440 905 2486 quibus
927 2452 1024 2474 unuin
1047 2452 1106 2474 coi·
1127 2445 1156 2473 et
1180 2451 1241 2473 una
1265 2443 1373 2473 anima
1395 2440 1503 2473 elt'ecti
1526 2440 1770 2485 quodaminodo
1793 2441 1979 2476 liuiusniodi

111 2499 270 2534 laboriosi
300 2502 494 2533 certaminis
524 2503 608 2533 sicut
637 2501 885 2535 cons‹‘›laciouis
917 2504 957 2534 itu
988 2506 1018 2534 et
1050 2500 1277 2534 triliulaeiouis
1308 2500 1518 2533 fidelissimos
1548 2500 1781 2535 cohortatores
1811 2502 1980 2536 adiutores

112 2564 145 2594 et
182 2563 293 2594 socios
330 2559 456 2593 habere
491 2563 657 2605 possimus
687 2565 908 2606 equanimiter
938 2565 967 2595 iu
999 2562 1131 2595 Chi-isto
1163 2565 1193 2594 iu
1225 2564 1291 2594 vita
1322 2564 1445 2606 pai-iter
1475 2565 1503 2593 et
1535 2564 1566 2594 iu
1597 2566 1715 2595 morte.
1773 2562 1979 2607 Quamquam

113 2623 233 2654 etenim
271 2620 476 2653 dilectissimi
517 2625 632 2653 sancta
671 2626 778 2655 mater
815 2623 958 2655 ecelesia
999 2622 1161 2655 honorum
1201 2622 1349 2655 laborum
1389 2621 1567 2655 cottidiana
1607 2621 1779 2656 beneficia.
1824 2635 1887 2668 que
1922 2635 1981 2669 pro

114 2681 225 2715 divina
263 2681 362 2714 laude
401 2684 432 2714 iu
463 2681 602 2715 salutem
635 2685 740 2715 tocius
769 2686 817 2715 sui
848 2678 999 2728 eorporis
1030 2686 1204 2716 consuevit
1236 2693 1401 2727 peragere
1432 2685 1461 2715 iu
1493 2683 1642 2727 singulos
1672 2683 1867 2728 adopciouis
1897 2684 1982 2718 filios
