2313 3090
1004 217 1076 251 143

105 328 174 370 ipsa
205 323 383 357 translacio
414 334 472 368 per
501 334 561 355 nos
593 322 677 355 l'acta
708 327 797 355 esset
828 327 856 355 et
889 322 1061 356 manifesta
1093 321 1244 356 omnibus
1275 321 1475 363 hominibus„
1507 320 1722 354 honorabiles
1744 325 1775 354 et
1796 320 1976 365 religiosos

106 389 196 419 viros
226 384 377 417 dominos
407 383 588 416 Henricuin
619 386 837 428 prepositum«
866 382 1054 417 Johannem
1085 386 1232 429 priorem
1263 388 1293 415 et
1324 383 1406 416 alios
1436 382 1558 415 fratres
1595 382 1633 415 ad
1676 392 1815 426 presens
1852 381 1972 414 ibidem

105 449 306 480 conventum
336 444 498 478 facientes
529 454 602 476 cum
633 444 764 476 decenti
794 447 993 477 reverencia
1024 449 1055 477 et
1084 443 1213 477 honore
1243 446 1274 476 in
1305 443 1449 476 ecclesia
1479 445 1585 476 sancti
1625 441 1754 475 Nicolai
1793 447 1823 475 et
1862 446 1977 475 sancte

106 505 301 540 Katherine.
331 504 385 538 ubi
415 507 504 550 prius
536 504 594 537 suit
624 507 875 538 monasterium.
904 508 1105 550 recepimus,
1136 516 1175 538 ac
1205 516 1264 538 eos
1293 515 1366 537 cum
1407 504 1581 548 sollempni
1611 506 1830 549 processione
1861 508 1976 536 trans-

108 567 238 601 tulimus
275 565 315 599 ad
352 575 476 599 novum
517 567 755 598 monasterium
795 565 890 598 beate
930 565 1035 599 Marie
1064 568 1219 609 virginis.
1250 564 1304 598 nbi
1333 567 1423 610 prius
1455 565 1513 597 fuit
1542 565 1685 598 ecclesia
1715 563 1918 609 parochialis
1948 568 1977 596 et

106 639 164 662 eos
200 627 390 661 induximus
419 629 450 659 in
487 628 736 671 possessionem
776 626 923 659 eiusdem
963 629 1047 660 sicut
1086 626 1145 660 fuit
1184 629 1253 672 ipsa
1284 626 1427 660 ecclesia
1457 625 1498 659 ab
1528 628 1674 670 antiquo.
1732 623 1978 658 publicavimus

109 691 213 723 eciam
253 690 357 733 ipsam
396 686 653 720 translacionem
691 685 778 720 fideli
816 688 951 732 populo.
991 692 1023 720 ut
1062 687 1198 732 quilibet
1236 690 1323 721 scire
1362 692 1477 732 posset
1506 690 1610 732 ipsam
1642 686 1900 719 translacionem
1931 688 1977 718 sic

106 747 354 783 racionabiliter
383 751 414 781 et
444 749 605 781 canonice
636 758 711 780 esse
742 747 874 781 factam.
915 748 1136 782 Decernimus
1166 752 1271 782 eciam
1303 753 1333 781 ct
1364 749 1569 781 ordinamus.
1600 748 1685 792 quod
1717 750 1822 792 ipsum
1852 757 1978 780 novum

106 812 341 843 monasterium
371 819 411 842 ac
440 811 629 854 prepositus
659 813 689 841 ct
721 808 842 842 fratres
872 809 1021 842 ciusdem
1051 812 1118 842 suis
1148 809 1332 854 privilegiis
1363 813 1394 842 ct
1423 808 1627 842 libertatibus
1649 811 1790 842 innovo
1811 807 1980 852 gaudeant

106 872 309 905 monasterio
339 872 424 904 sicut
452 872 502 902 usi
531 873 605 902 sunt
635 874 667 902 et
696 868 881 902 habuerunt
914 872 945 902 in
975 872 1120 914 antiquo.
1153 870 1294 915 Insuper
1323 873 1495 903 statuimus
1526 875 1555 903 ct
1596 869 1789 903 ordinamus
1826 871 1979 901 auctori-

109 936 173 966 tate
210 931 392 977 apostolica
432 935 465 964 et
501 929 641 963 licencia
680 930 816 974 speciali
855 931 894 963 ad
934 930 997 964 hoc
1031 942 1200 975 generose
1231 942 1405 964 concessa.
1436 935 1531 976 prout
1563 932 1717 975 superius
1747 933 1978 974 expressatun

105 993 191 1039 quod
221 994 409 1038 prepositus
440 991 588 1024 eiusdem
619 993 823 1033 monasterii,
855 994 908 1035 qui
939 992 977 1024 ad
1009 1002 1148 1037 presens
1178 996 1227 1025 est
1244 992 1298 1025 vel
1319 994 1372 1036 qui
1394 1002 1454 1037 pro
1475 995 1627 1036 tempore
1648 990 1747 1023 suerit
1768 994 1799 1023 iu
1820 989 1978 1027 suturunu

107 1057 139 1088 in
168 1054 287 1087 eodem
316 1063 406 1086 novo
436 1054 641 1086 monasterio
671 1062 732 1097 per
760 1064 796 1085 se
826 1052 880 1085 vel
919 1064 979 1098 per
1017 1052 1114 1086 alium
1152 1053 1300 1086 eiusdem
1341 1056 1535 1085 monasterii
1571 1052 1708 1085 fratrem
1748 1061 1862 1084 curam
1901 1054 1979 1083 ani-

106 1125 232 1149 marum
270 1113 550 1160 parochianorum
591 1113 739 1146 eiusdem
777 1113 921 1146 ecclesie
957 1125 1080 1158 gerere
1120 1113 1228 1147 valeat
1265 1118 1297 1145 et
1335 1124 1512 1146 exercere.
1572 1112 1609 1146 Et
1648 1124 1689 1145 ne
1728 1115 1797 1157 ipsa
1834 1111 1977 1144 ecclesia

109 1178 214 1210 sancti
242 1175 373 1210 Nicolai
402 1179 435 1208 et
462 1178 577 1208 sancte
607 1173 802 1208 Katherine.
835 1173 886 1207 ubi
916 1178 1007 1219 prius
1037 1174 1093 1208 fuit
1125 1177 1377 1217 monasterium,
1407 1174 1446 1207 ad
1477 1173 1636 1219 profanos
1667 1184 1745 1207 usus
1775 1176 1977 1206 revertatur.

107 1240 304 1270 auctoritate
333 1235 516 1281 apostolica
546 1234 735 1280 supradicta
765 1234 860 1268 nobis
891 1246 1053 1269 concessa
1083 1238 1256 1269 statuimus
1287 1240 1316 1269 et
1356 1235 1560 1270 ordinamus.
1600 1234 1686 1279 quod
1724 1237 1794 1279 ipsa
1834 1233 1978 1266 ecclesia

107 1300 211 1332 sancti
241 1296 370 1331 Nicolai
401 1301 432 1330 et
470 1300 585 1330 sancte
622 1295 805 1329 Katlierinc
845 1295 1008 1340 hospitale
1045 1299 1167 1330 existat
1205 1301 1237 1330 et
1272 1297 1358 1342 quod
1398 1300 1428 1329 in
1466 1300 1536 1342 ipsa
1575 1294 1694 1329 infirmi
1734 1298 1910 1328 teneantur
1947 1297 1980 1326 et

107 1363 286 1400 serventur
314 1369 354 1391 ac
383 1357 468 1403 quod
499 1360 689 1402 prepositus
718 1361 750 1390 et
780 1357 902 1390 l'ratrcs
932 1357 1080 1391 ciusdem
1111 1361 1191 1391 novi
1221 1360 1426 1391 monasterii.
1466 1360 1519 1401 qui
1557 1368 1616 1402 pro
1655 1361 1806 1401 tempore
1844 1354 1977 1388 fuerint.

107 1420 188 1454 duas
217 1429 410 1464 sexagenas
439 1429 638 1463 grossorum
667 1421 882 1463 pragensium
914 1429 974 1463 pro
1004 1421 1254 1452 sustentacione
1294 1421 1441 1464 ipsorum
1480 1417 1684 1451 inliriuoruni
1724 1419 1786 1462 ipsi
1825 1415 1978 1460 hospitali

107 1480 245 1525 singulis
274 1483 369 1514 annis
399 1482 630 1525 inperpetuum
660 1479 790 1512 tradant
820 1483 852 1512 et
880 1482 1053 1524 assignent
1082 1484 1114 1513 et
1142 1483 1248 1513 eciam
1279 1479 1365 1524 quod
1396 1482 1455 1524 ipsi
1486 1490 1546 1524 per
1574 1489 1611 1511 se
1642 1478 1696 1511 vel
1725 1488 1785 1522 per
1804 1477 1902 1510 alium
1920 1487 1979 1509 seu

108 1542 191 1576 alios
219 1541 360 1586 singulis
389 1543 583 1586 septimanis
612 1544 681 1574 tres
712 1543 831 1573 missas
861 1543 892 1573 in
922 1541 1039 1573 eodem
1075 1540 1229 1586 hospitali
1267 1544 1437 1586 perpetuis
1475 1538 1680 1584 temporibus
1717 1538 1890 1572 celebrent
1925 1536 1980 1570 vel

109 1603 232 1637 faciant
260 1601 436 1636 celebrari.
467 1601 504 1635 In
532 1612 673 1646 quorum
703 1604 850 1634 omnium
881 1604 1103 1634 testiinonium
1135 1606 1283 1635 nostrum
1314 1601 1456 1645 sigillum
1488 1611 1629 1634 unacum
1660 1599 1776 1644 sigillis
1815 1599 1977 1632 dictorum

108 1667 236 1709 patrum
257 1667 290 1697 et
309 1663 519 1697 dominorum
540 1661 702 1696 Johannis
722 1661 962 1695 Nazaretensis
983 1667 1014 1695 et.
1034 1662 1196 1696 Johannis
1217 1662 1428 1707 Magarensis
1449 1664 1682 1707 episcoporum
1713 1659 1979 1705 supradictorum

107 1724 147 1758 de
163 1728 278 1758 nostra
294 1729 386 1757 certa
407 1726 553 1757 sciencia
576 1722 786 1769 presentibus
807 1728 881 1757 sunt
897 1734 1055 1769 appensa.
1078 1723 1119 1757 Et
1135 1723 1369 1757 nichilominus
1385 1726 1417 1756 in
1436 1725 1659 1756 testimonium
1677 1726 1708 1755 et
1725 1720 1827 1755 robur
1846 1723 1979 1754 maioris

58 1821 64 1826 ,
108 1784 271 1819 firmitatis
299 1789 476 1830 presentes
505 1785 617 1818 literas
647 1796 707 1830 per
737 1788 885 1818 notarios
916 1784 1064 1830 publicos
1095 1784 1325 1829 infrascriptos
1355 1783 1454 1817 scribi
1485 1788 1515 1816 et
1545 1783 1705 1828 publicari
1736 1782 1978 1815 mandavimus.

108 1845 228 1880 Datum
258 1850 291 1879 et
319 1850 427 1879 actum
448 1844 668 1878 Lanczkrone
684 1856 772 1879 anno
789 1846 911 1879 domini
934 1845 1106 1878 millesimo
1128 1847 1365 1878 trecentesimo
1394 1847 1615 1881 nonagesimo
1646 1846 1762 1877 tercio.
1793 1843 1980 1876 indiccione

107 1909 225 1951 prima,
254 1909 325 1951 ipso
355 1906 408 1939 die
437 1910 553 1940 sancte
582 1905 765 1948 Trinitatis3
795 1918 860 1951 que
890 1906 944 1939 t'uu
977 1906 1047 1939 dies
1068 1909 1173 1951 prima
1204 1908 1327 1938 niensis
1357 1904 1455 1938 Junii.
1487 1904 1697 1950 pontificatus
1719 1906 1918 1938 sanctissimi
1948 1906 1979 1936 in

111 1965 244 2000 Christo
274 1969 376 2012 patris
405 1971 437 2000 et
467 1967 590 2000 domini
620 1970 724 2001 nostri
755 1967 878 2001 domini
907 1966 1072 2000 Bonil'acii
1103 1966 1213 1999 divina
1244 1966 1462 2011 providencia
1491 1977 1577 2011 pape
1606 1969 1682 1999 noni
1723 1976 1809 1998 anno
1849 1969 1977 2009 quarto.

109 2026 323 2061 Presentibus
353 2026 604 2062 honorabilibus
633 2033 663 2061 et
694 2029 847 2062 discretis
877 2031 958 2062 viris
995 2028 1137 2061 dominis
1175 2030 1336 2071 magistro
1376 2026 1452 2060 Vito
1490 2029 1652 2060 canonico
1691 2026 1836 2060 ecclesie
1875 2028 1979 2059 sancti

109 2086 219 2132 Egidii
249 2091 385 2122 maioris
419 2091 562 2123 civitatis
592 2087 772 2133 Pragensis
802 2093 893 2123 curie
924 2096 1037 2123 nostre
1067 2089 1266 2134 episcopalis
1296 2087 1572 2122 Luthomislcnsis
1602 2086 1747 2121 officiali.
1780 2086 1918 2120 Nicolao
1949 2088 1979 2118 in

109 2148 244 2183 Ostrwa
291 2148 419 2183 decano
467 2149 634 2183 districtus
670 2149 972 2184 Lanczlu-onensis.
1022 2150 1227 2183 wenceslao
1267 2152 1297 2182 iu
1336 2148 1528 2194 Dauiykow
1568 2148 1787 2181 ecclesiarum
1818 2146 1979 2192 plebanis.

109 2208 276 2253 Gregorio
297 2209 444 2243 altarista
475 2210 587 2244 altaris
616 2214 722 2245 sancti
741 2210 859 2244 Jacobi
889 2214 920 2245 in
951 2211 1094 2245 ecclesia
1129 2210 1311 2256 parochiali
1349 2213 1378 2242 iu
1413 2209 1482 2243 Uslr
1518 2209 1792 2242 Luthomislcnsis
1822 2208 1978 2246 ‹tium-sis,

108 2269 264 2304 Hrzcone
293 2271 380 2304 dicto
418 2270 512 2304 Krlin
551 2276 583 2305 et
617 2271 794 2306 Jessicone
824 2272 927 2306 fratre
967 2276 1067 2318 ipsius
1106 2283 1281 2317 germano.
1311 2271 1518 2304 Vt'enceslao
1549 2275 1579 2303 et
1610 2269 1707 2303 Petro
1738 2270 1778 2302 de
1808 2268 1978 2314 Strannye

109 2330 261 2364 similiter
307 2330 476 2374 fratribus,
521 2332 675 2366 Johanne
712 2332 861 2378 Syrotek
900 2339 928 2366 et
966 2334 1120 2367 Johanne
1159 2332 1334 2366 Blaznicze
1372 2331 1587 2365 familiaribus
1638 2334 1760 2364 nostris
1800 2340 1979 2363 commen-

110 2390 234 2425 salibus
263 2395 293 2425 et
324 2392 396 2426 aliis
427 2393 534 2426 multis
565 2393 702 2428 testibus
733 2393 908 2439 lidedignis
937 2398 1026 2428 circa
1057 2398 1231 2440 premissa.

265 2451 303 2485 Et
334 2463 399 2497 ego
422 2452 525 2503 *Vltus
556 2458 650 2487 natus
679 2455 845 2499 quondam
877 2455 963 2489 Petri
995 2456 1034 2489 de
1065 2456 1244 2501 Lonipnicz
1275 2455 1416 2487 clericus
1447 2453 1626 2492 l'1·a2·cnsis
1656 2452 1799 2485 diocesis
1830 2450 1980 2496 publicus

112 2512 273 2558 imperiali
302 2516 499 2547 auctoritate
530 2518 678 2548 notarius
708 2520 771 2549 etc.

265 2572 303 2606 Et
335 2586 399 2618 ego
437 2573 662 2608 VVcnceslaus
697 2576 893 2610 wenceslai
933 2578 973 2611 dc
1012 2577 1195 2622 Huinpolcz
1236 2577 1377 2609 clericus
1419 2575 1597 2612 l'raffcnsis
1637 2574 1780 2606 diocesis
1820 2574 1981 2618 imperiali

111 2636 307 2667 auctoritate
337 2638 485 2668 notarius
516 2635 665 2680 publicus
695 2641 759 2671 ctc.

423 2713 515 2747 (Orig.
542 2714 622 2748 Pvrg.
649 2716 664 2740 '2
692 2716 716 2742 li.
743 2717 800 2749 δίς.
825 2718 876 2743 das
903 2720 930 2745 ΣΞ,
955 2718 1147 2751 :il›gerisscu.l
