2313 3090
1182 186 1254 220 :396

286 303 407 331 tamen.
439 300 606 330 nescimus
636 306 700 340 quo
730 294 817 327 ducti
848 296 975 338 spiritu.
1007 295 1110 338 ipsam
1142 291 1278 324 bernam
1307 290 1480 336 bucusque
1500 291 1698 336 persolvere
1721 291 1939 336 neglexisti&
1968 295 2001 324 et
2021 293 2151 324 interim

287 358 408 392 infinita
450 358 569 390 damna
608 367 710 401 super
739 355 907 388 dominum
939 364 1053 397 regem
1086 352 1127 386 ob
1157 351 1424 385 nonsolutionem
1456 354 1601 397 ipsarum
1630 355 1847 398 pecuniarum
1878 351 2024 396 quotidie
2054 361 2153 384 com-

287 422 468 452 mittuntur.
507 417 603 451 Unde
633 421 664 449 et
694 415 801 448 adhuc
832 426 874 447 ex
905 412 1212 459 superhabundanti
1242 423 1305 445 vos
1333 412 1553 458 praesentibus
1582 416 1711 447 seriose
1740 415 1940 457 requirimus
1971 416 2002 445 et
2031 423 2155 445 mone-

287 490 369 518 mus
401 483 564 523 quatenus
594 488 671 509 mox
702 479 783 509 visis
812 473 1032 520 praesentibus
1062 476 1165 519 ipsam
1196 472 1332 506 bernam
1364 472 1581 517 Sigismundo
1610 476 1706 519 regni
1736 472 1884 507 Boemiae
1904 472 2156 506 subcamerarii)

288 542 536 579 transmittatisg
575 538 656 570 alias
695 539 823 577 scitote,
864 535 950 580 quod
983 536 1051 579 jam
1082 534 1275 579 burgi-aviis
1305 538 1337 567 et
1367 533 1563 568 officialibus
1593 533 1821 578 adjacentibus
1852 535 2092 577 commisimus,
2122 537 2157 566 ut

288 611 350 634 vos
388 600 426 633 ad
467 598 723 644 persolvendam
763 596 900 630 bernam
937 595 1126 641 praedictam
1157 595 1362 641 compellere
1392 594 1535 628 debeant
1565 599 1596 629 et
1625 606 1754 628 arcere.
1803 594 1924 628 Datum
1955 593 2015 628 sub
2045 598 2156 627 castro

288 662 423 707 Lopata.
454 662 608 705 proximo
639 659 690 692 die
721 662 796 691 ante
826 657 945 691 festum
977 661 1100 690 sanctae
1129 655 1297 689 Barbarae.

598 760 743 801 (Palackssv
769 763 911 789 Formelb.
937 763 976 787 ΙΙ.
1000 771 1026 796 p.
1057 759 1142 797 lii.)

1174 907 1279 942 439.

290 990 362 1023 Der
409 989 581 1022 (cllmiltzer
624 987 843 1033 bischoflielee
890 986 1031 1031 Officia!
1071 985 1159 1019 Smil
1200 986 1411 1019 entsckeMet
1452 987 1515 1020 dele
1558 986 1662 1020 Stritt
1698 986 1864 1020 :wisc-laen
1901 986 1966 1019 den
2012 984 2160 1019 Vicdrem

290 1051 538 1084 Bar-tolomeus
569 1050 637 1082 aad
664 1049 841 1082 Johwmes
871 1047 1048 1091 bezilqlz'cla
1078 1048 1137 1080 des
1167 1046 1219 1080 St.
1252 1047 1554 1080 illartm-Altares
1583 1049 1617 1080 z'u
1647 1048 1708 1081 der
1740 1047 1915 1080 Olmntzer
1936 1045 2156 1080 Domkirche.

886 1108 945 1142 Dt.
980 1108 1112 1141 Olnmtz
1143 1107 1202 1141 10.
1234 1107 1426 1141 December
1456 1107 1567 1142 1397.

446 1186 489 1240 111
529 1209 664 1239 nomine
701 1206 826 1239 domini
864 1216 972 1238 amen.
1022 1204 1152 1238 Dudum
1189 1214 1303 1237 coram
1332 1203 1428 1237 nobis
1458 1203 1620 1249 Smylone
1650 1203 1690 1237 de
1720 1203 1890 1245 Wiczow‚
1922 1201 2160 1236 archidiacono

288 1268 577 1311 Lulliomiricensi,
635 1270 665 1300 111
722 1266 865 1300 ecclesia
923 1265 1085 1310 pragensi
1141 1267 1304 1298 canonico
1360 1268 1392 1297 et
1447 1264 1582 1298 officiali
1633 1264 1850 1298 Olomucensi
1897 1264 2061 1298 discretus
2107 1265 2161 1297 vir

289 1329 440 1362 dominus
488 1327 660 1361 Johannes
704 1327 744 1361 de
786 1327 875 1361 Fren
919 1326 1161 1372 prebendarius
1204 1325 1348 1359 ecclesie
1392 1324 1623 1359 Olomucensis
1666 1330 1793 1371 postam
1841 1328 1914 1359 sive
1958 1326 2159 1371 peticionem

287 1401 379 1424 suam
431 1394 547 1423 contra
600 1393 632 1422 et
683 1388 848 1422 adversus
900 1386 1173 1421 Bartholomeum
1224 1386 1382 1419 clericum
1435 1385 1670 1420 Olomucensis
1713 1386 1856 1420 diocesis
1904 1396 2018 1419 coram
2065 1383 2162 1419 nobis

289 1455 432 1485 evocato
484 1453 515 1484 iu
561 1450 687 1495 judicio
737 1449 852 1483 obtulit
900 1448 1089 1482 huiusmodi
1141 1447 1201 1481 sub
1252 1451 1389 1481 tenore:
1441 1446 1525 1481 Petit
1566 1450 1667 1492 igitur
1709 1447 1862 1481 dominus
1903 1446 2076 1481 Johannes
2120 1445 2161 1479 de

290 1511 378 1545 Fren
417 1511 627 1557 supradictus
663 1522 723 1557 per
760 1521 823 1544 vos
860 1510 1028 1544 dominum
1061 1509 1210 1553 judicem
1241 1507 1474 1542 honorandum
1504 1511 1717 1554 pronunciari
1747 1508 1883 1542 decerni
1914 1512 1945 1542 et
1984 1507 2160 1549 declarari,

289 1575 579 1618 presentacionem
624 1574 684 1617 ipsi
724 1571 857 1605 domino
900 1570 1044 1604 Johanni
1086 1569 1207 1603 factam
1251 1569 1289 1602 ad
1329 1569 1433 1603 altare
1471 1573 1575 1604 sancti
1613 1569 1747 1603 Martini
1785 1572 1817 1603 111
1856 1569 1979 1603 ambitu
2017 1569 2162 1603 ecclesie

292 1633 525 1667 Olomucensis
577 1632 650 1666 fore
697 1637 730 1665 et
776 1643 852 1666 esse
893 1633 1017 1676 justam
1065 1635 1098 1664 et
1144 1633 1339 1664 canonicam
1387 1642 1549 1676 suumque
1596 1630 1752 1665 debuisse
1799 1635 1831 1665 et
1878 1630 2003 1664 debere
2050 1631 2164 1664 sortiri

294 1694 462 1731 effectum,
502 1696 675 1740 ipsumque
710 1693 878 1727 dominum
909 1692 1097 1726 Johannem
1128 1692 1314 1738 predictum
1345 1691 1384 1725 ad
1414 1691 1489 1725 illud
1520 1692 1625 1725 altare
1655 1692 1728 1725 fore
1759 1696 1791 1725 et
1820 1703 1896 1726 esse
1925 1690 2160 1726 instituendum

292 1759 323 1788 et
366 1754 641 1797 confirmandum„
686 1754 842 1800 dictoque
885 1753 1124 1787 Bartliolomeo
1163 1753 1286 1786 clerico
1326 1755 1446 1797 vigore
1481 1755 1597 1797 gracie
1635 1764 1694 1786 sue
1733 1756 1765 1786 111
1804 1752 1922 1786 eodem
1958 1752 2082 1786 nullum
2107 1753 2163 1797 jus

295 1818 517 1861 compeciisse
560 1815 615 1849 vel
658 1820 864 1861 competere,
908 1818 1036 1861 ipsique
1079 1813 1318 1847 Bartholomeo
1356 1824 1458 1859 super
1500 1813 1647 1847 indebito
1690 1814 1927 1859 impedimento
1965 1817 2162 1860 perpetuum

294 1876 468 1910 silencium
509 1876 581 1909 fore
611 1881 644 1910 et
679 1887 754 1910 esse
784 1876 1020 1922 imponendum
1051 1875 1091 1909 de
1127 1879 1159 1909 et
1188 1886 1289 1920 super
1318 1875 1414 1908 altari
1443 1874 1605 1920 predicto,
1636 1886 1675 1908 ac
1705 1886 1764 1920 per
1794 1886 1856 1909 vos
1885 1877 2009 1921 imponi
2039 1873 2164 1909 dehere

293 1940 464 1971 sentencia
495 1942 608 1971 vestra
639 1937 814 1971 diffinitiva
845 1937 1022 1972 mediante.
1055 1936 1127 1970 Hoc
1157 1939 1235 1982 petit
1266 1936 1363 1969 modo
1389 1937 1466 1980 jure
1496 1940 1527 1968 et
1548 1935 1667 1978 forma,
1689 1935 1806 1981 quibus
1829 1935 2021 1970 melioribus
2041 1939 2163 1981 potest,

293 2002 443 2031 vestrum
481 1997 625 2031 officium
664 2009 765 2044 super
802 2001 976 2044 premissis
1006 1997 1174 2031 humiliter
1203 1996 1410 2042 implorando
1440 2008 1479 2030 ac
1506 1997 1638 2041 justicie
1668 1997 1839 2042 postulans
1869 1996 2161 2042 complementum.

294 2058 333 2091 Et
371 2063 575 2103 protestatur
606 2060 645 2092 de
676 2062 834 2105 expensis
864 2059 960 2093 factis
990 2063 1022 2093 et
1051 2059 1091 2092 de
1121 2057 1283 2091 faciendis
1312 2060 1344 2091 in
1373 2056 1528 2090 futurum.
1578 2057 1648 2090 Lite
1678 2060 1778 2102 igitur
1807 2069 1921 2092 coram
1950 2057 2046 2092 nobis
2076 2068 2163 2092 con-

295 2123 413 2153 testata
452 2119 603 2165 datisque
636 2131 702 2165 pro
740 2124 833 2165 parte
869 2120 945 2154 dicti
975 2120 1097 2153 domini
1127 2118 1288 2152 Jolianuis
1319 2117 1359 2151 de
1388 2117 1477 2151 Fron
1507 2117 1701 2163 quibusdam
1732 2119 1892 2162 articulis,
1922 2118 1961 2152 ad
1992 2129 2075 2164 quos
2103 2129 2164 2165 pro

294 2184 388 2226 parte
427 2180 570 2214 adversa
601 2184 702 2214 certis
734 2181 828 2215 sactis
858 2179 1399 2227 responsionibusproductisque
1429 2190 1489 2225 pro
1518 2184 1612 2225 parte
1643 2179 1717 2213 dicti
1749 2180 1872 2214 domini
1902 2180 1992 2214 Fren
2021 2178 2164 2225 quibus-

295 2241 368 2273 dam
405 2240 555 2283 testibus7
587 2244 731 2287 ipsisque
762 2245 920 2288 receptis‚
951 2245 1042 2287 prius
1072 2241 1112 2275 ab
1142 2240 1266 2274 eisdem
1298 2239 1337 2273 de
1367 2243 1509 2274 veritate
1539 2240 1678 2274 dicenda
1710 2240 1940 2287 corporalibus
1965 2241 2165 2285 juramentis

296 2303 453 2346 prestitis.
490 2307 622 2335 secrete
660 2307 689 2335 et
720 2303 890 2347 sigillatim
921 2314 1014 2336 more
1044 2303 1140 2336 solito
1171 2304 1368 2335 examinatis
1398 2306 1428 2334 et
1459 2302 1641 2335 eorundem
1674 2302 1768 2335 dietis
1798 2305 1828 2336 111
1858 2304 1991 2348 scriptis
2019 2301 2165 2335 redactis

296 2366 327 2394 et
371 2361 502 2395 tandem
542 2362 728 2408 publicatis.
769 2368 885 2397 contra
922 2375 985 2408 que
1024 2374 1083 2409 pro
1122 2366 1216 2408 parte
1254 2362 1397 2395 adversa
1437 2365 1541 2395 eciam
1582 2362 1638 2396 l'uit
1674 2368 1851 2409 exceptum
1882 2367 1913 2396 et
1943 2362 2073 2396 demum
2104 2372 2163 2408 pro

297 2427 390 2468 parte
422 2423 543 2456 domini
575 2423 737 2457 Joliannis
768 2424 975 2469 replicatum.
1012 2423 1078 2457 Sed
1109 2427 1181 2469 post
1215 2422 1276 2455 lioc
1306 2434 1366 2468 pro
1396 2426 1489 2468 parte
1518 2422 1744 2457 Bartliolomei
1776 2424 1889 2457 elerici
1919 2434 1936 2457 a
1966 2421 2165 2469 duplicando

300 2483 353 2516 l'uil
387 2494 570 2517 recessum.
603 2484 668 2517 Sed
700 2484 830 2517 demum
863 2483 1060 2518 instantibus
1090 2483 1238 2529 partibus
1268 2483 1424 2529 predictis
1455 2488 1482 2516 et
1507 2486 1537 2516 111
1558 2483 1746 2517 huiusmodi
1769 2496 1868 2518 causa
1891 2483 2166 2518 concludentibus

297 2549 323 2576 et
363 2544 516 2577 concludi
555 2544 742 2589 petentibus⁴
782 2548 811 2578 111
850 2545 965 2578 eadem
1006 2544 1230 2577 conclusimus
1265 2548 1292 2576 et
1325 2556 1397 2577 cum
1429 2544 1553 2577 eisdem
1585 2544 1758 2579 luibuimus
1788 2556 1847 2591 pro
1878 2545 2048 2587 concluso,
2080 2544 2165 2577 diem

299 2604 492 2637 hodiernam
523 2615 583 2649 pro
614 2605 776 2638 audienda
808 2605 982 2639 dil'linitiva
1014 2607 1183 2638 sentencia
1215 2604 1340 2637 eisdem
1368 2609 1562 2638 statuentes.
1585 2604 1654 2638 Nos
1677 2608 1786 2650 itaque
1809 2604 1913 2639 Smilo
1934 2605 1975 2638 de
1994 2603 2165 2647 Wiczow‚

299 2665 450 2698 ol'lieialis
481 2665 713 2699 Olonna-ensis
744 2666 922 2711 predictus.
956 2665 1042 2699 ‹licte
1073 2676 1173 2699 cause
1205 2667 1329 2699 meritis
1359 2667 1440 2699 visis
1470 2670 1501 2698 et
1530 2668 1687 2711 inspeetis
1709 2671 1739 2699 et
1761 2677 1834 2699 cum
1857 2665 1966 2699 debita
1988 2665 2165 2710 diligencia

2306 2315 2313 2386 -,..-Α
2311 2284 2313 2286 .
