2313 3090
1182 177 1255 210 400

1166 333 1274 370 443.

786 411 917 455 „ius-sig]
947 423 990 444 me
1021 411 1082 445 der
1111 411 1200 445 Elbe
1228 411 1290 446 31.
1323 411 1515 446 December
1545 411 1655 446 1397.

430 488 635 553 Niarkgraf
668 508 778 542 Jodok
813 520 882 542 von
916 508 1058 543 Mahren
1096 509 1161 543 und
1201 508 1446 554 Brandenburg
1484 509 1631 544 schreibt
1661 510 1723 544 den
1755 509 1970 544 markischen
1999 508 2151 552 Sta'dten‚

282 569 359 603 dass
388 572 480 602 seine
511 568 710 603 Schwester
738 569 910 603 Elisabeth
942 581 1009 603 von
1038 570 1187 604 Meissen
1216 570 1269 603 fiir
1298 570 1354 603 ihn
1383 572 1415 603 in
1445 570 1497 603 die
1525 569 1622 604 Mark
1650 569 1808 604 kommen
1836 569 1967 613 werde,
2000 569 2152 604 welcher

282 634 330 663 sie
369 630 554 663 Gehorsam
595 630 714 664 leisten
749 630 812 664 und
853 630 939 664 Rath
978 631 1042 665 und
1083 630 1172 665 Hilfe
1211 631 1374 665 ertheilen
1411 631 1527 668 solleu.
1563 630 1618 665 Dt.
1657 631 1768 666 Awsk
1799 642 1838 664 an
1870 630 1930 664 der
1958 629 2152 664 Eibenedes

283 697 446 735 neg-esten
477 691 662 736 mandages
691 702 756 725 vor
785 691 858 725 dem
888 703 998 726 neuen
1024 693 1110 736 jare.

595 797 707 831 (Riedel
732 796 802 822 Cod.
827 797 934 824 Brund.
961 798 993 822 B.
1018 798 1084 829 HL,
1113 797 1193 831 136.)

1167 945 1274 980 444.

290 1028 459 1074 ΠὉΙΓΓαιη
508 1029 725 1075 Erzbiscltof
770 1042 831 1064 ron
868 1030 961 1074 Pras]
1000 1031 1180 1076 elbertrciqt
1220 1033 1274 1066 die
1316 1031 1577 1077 Untersaclumy
1613 1044 1720 1077 gessen
1760 1033 1815 1066 die
1852 1031 2048 1076 Sclzddz'qer
2087 1032 2148 1066 der

284 1090 486 1124 Isarthunse
526 1092 557 1123 iu
592 1091 800 1135 li’onigssfeld
835 1092 906 1125 (lem
946 1092 1111 1126 Probsten
1150 1093 1205 1127 bei
1242 1093 1294 1128 St.
1334 1093 1438 1128 Petet·
1476 1096 1509 1127 in
1545 1095 1664 1128 Brit'nn
1697 1095 1763 1128 med
1792 1094 1866 1128 (lem
1898 1092 2059 1139 Officiale
2087 1094 2147 1128 des

807 1152 982 1186 Olme'ltzer
1010 1152 1206 1199 Bischofes.
1240 1154 1296 1188 Dt.
1328 1148 1484 1189 Skrorec
1514 1154 1623 1189 1397.

437 1227 679 1282 bbolframus
725 1249 777 1282 dei
816 1252 931 1294 gracia
969 1255 1085 1284 sancte
1124 1250 1304 1295 Pragensis
1343 1252 1486 1286 ecclesie
1524 1252 1800 1299 archiepiscopus
1839 1252 2025 1298 apostolice
2059 1253 2149 1287 sedis

281 1309 423 1353 legatus.
451 1309 558 1353 judex
589 1314 621 1342 et
651 1315 875 1344 conservator
899 1312 1025 1354 jurium
1056 1316 1086 1345 et
1115 1312 1370 1357 privilegiorum
1401 1324 1440 1346 ac
1468 1312 1656 1347 libertatum
1686 1317 1806 1359 prioris
1836 1318 1868 1348 et
1897 1318 2085 1348 conventus
2109 1324 2147 1347 ac

279 1372 472 1403 monasterii
502 1374 619 1404 sancte
649 1370 820 1404 Trinitatis
850 1382 956 1417 prope
977 1371 1135 1409 Brunam.
1158 1373 1283 1407 ordinis
1305 1373 1564 1417 Carffiustensts„
1587 1374 1822 1409 Oloinucensis
1844 1375 1988 1409 diocesis
2008 1386 2150 1409 unacum

279 1434 380 1464 certis
420 1434 546 1465 nostris
585 1434 616 1465 in
655 1431 717 1465 hac
756 1437 850 1477 parte
890 1433 1030 1477 collegis
1067 1445 1083 1467 a
1123 1434 1203 1468 sede
1242 1435 1422 1480 apostolica
1462 1435 1653 1480 specialiter
1683 1436 1869 1482 deputatus,
1899 1435 2150 1471 venerabilibus

278 1494 360 1525 viris
391 1492 532 1526 dominis
562 1495 733 1538 preposito
763 1492 909 1527 ecclesie
939 1494 1117 1540 collegiate
1147 1499 1252 1529 sancti
1282 1495 1370 1529 Petri
1399 1499 1430 1529 in
1460 1495 1583 1529 Bruna.
1615 1496 1851 1530 Olomucensis
1881 1497 2026 1531 diocesis
2048 1501 2149 1531 ante-

278 1552 364 1586 dicte
402 1558 433 1586 et
469 1552 601 1587 officiali
641 1557 733 1587 curie
771 1555 972 1600 episcopalis
1012 1555 1245 1590 Olomucensis
1282 1557 1421 1591 salutem
1458 1562 1489 1591 et
1528 1560 1692 1591 sinceram
1733 1561 1764 1591 in
1800 1558 1934 1592 domino
1964 1561 2149 1592 caritatem.

277 1613 406 1647 Litteras
449 1615 652 1660 apostolicas
696 1615 836 1660 prefatis
884 1619 987 1661 priori
1037 1621 1068 1650 et
1111 1621 1291 1651 conventui
1328 1629 1367 1652 ac
1407 1621 1609 1652 monasterio
1647 1630 1829 1653 concessas
1865 1622 1898 1653 in
1937 1630 2145 1665 pargameno

277 1677 431 1720 scriptas,
478 1686 571 1709 more
601 1675 753 1710 Romane
785 1679 877 1710 curie
906 1676 1058 1711 bullatas.
1090 1689 1190 1711 sanas
1220 1683 1251 1712 et
1281 1682 1430 1724 integras
1461 1683 1550 1713 omni
1578 1682 1667 1713 vicio
1697 1683 1729 1713 et
1758 1682 1950 1726 suspicione
1979 1685 2147 1725 carentes,

277 1734 373 1769 nobis
411 1746 472 1781 per
510 1736 741 1770 honorabilem
773 1737 939 1771 dominum
970 1737 1211 1773 Vt'enceslaum
1243 1740 1283 1773 de
1313 1739 1543 1773 Dobrzieczan
1574 1740 1796 1786 presbiterum
1826 1745 1941 1775 nostre
1969 1740 2150 1786 Pragensis

278 1796 435 1838 diocesis,
466 1802 722 1843 procuratorem
752 1798 935 1842 legitimum
968 1799 1193 1844 predictorum
1226 1801 1434 1835 dominorum
1465 1804 1587 1846 prioris
1617 1806 1648 1834 et
1679 1807 1865 1836 conventus
1895 1814 1933 1836 ac
1955 1805 2149 1836 monasterii

278 1861 464 1901 memorati,
494 1858 627 1903 plenum
658 1858 847 1892 mandatum
879 1859 919 1892 ad
951 1859 1014 1893 hoc
1044 1859 1235 1895 habentem.
1266 1866 1364 1907 prout
1392 1861 1488 1895 nobis
1517 1861 1558 1895 de
1588 1861 1777 1896 huiusmodi
1806 1863 1962 1897 mandato
1992 1863 2079 1897 facta
2100 1868 2149 1898 est

277 1928 337 1962 per
374 1918 585 1952 Dominicum
624 1922 789 1953 notarium
826 1919 992 1965 publicum
1032 1921 1278 1968 infrascriptum
1320 1922 1415 1968 plena
1447 1922 1540 1965 tides,
1583 1927 1795 1968 presentatas
1824 1935 1886 1958 nos
1915 1935 1988 1958 cum
2019 1935 2058 1958 ea
2088 1935 2150 1970 qua

278 1978 386 2012 decuit
430 1983 629 2013 reverencia
662 1984 795 2014 noviter
824 1984 998 2027 recepisse
1027 1994 1088 2028 per
1116 1986 1226 2017 omnia
1257 1982 1317 2017 sub
1347 1983 1409 2016 hiis
1437 1983 1572 2017 verbis:
1607 1983 1802 2028 „Johannes
1832 1987 1999 2031 episcopis
2027 1996 2148 2020 servus

277 2049 456 2073 servorum
488 2040 540 2074 dei
570 2041 821 2076 venerabilibus
851 2042 1009 2076 fratribus
1039 2043 1201 2089 Pragensi
1232 2049 1263 2077 et
1291 2043 1472 2078 Jawriensi
1502 2048 1668 2090 episcopis
1690 2057 1728 2079 ac
1750 2045 1870 2080 dilecto
1892 2045 1957 2080 filio
1978 2050 2148 2092 preposito

278 2100 423 2133 ecclesie
462 2101 743 2139 Neunhurffensis
782 2108 846 2136 etc.
904 2103 1023 2137 Datum
1065 2105 1236 2138 Avinione
1272 2109 1390 2150 quarto
1428 2116 1533 2139 nonas
1571 2105 1647 2139 Julii
1686 2106 1898 2152 pontificatus
1928 2110 2033 2142 nostri
2062 2118 2149 2142 anno

277 2161 463 2195 secundm<
499 2183 541 2186 —
574 2162 651 2196 Post
682 2175 820 2208 quarum
850 2164 1021 2198 literarum
1053 2165 1314 2211 apostolicarum
1344 2169 1634 2211 presentacioncm
1666 2172 1695 2200 et
1718 2171 1953 2214 recepcionem
1975 2179 2035 2214 pro
2057 2172 2172 2214 parte·

278 2224 538 2267 prescriptorum
588 2224 798 2257 dominorum
845 2228 966 2271 prioris
1003 2230 1033 2259 et
1074 2231 1262 2260 conventus
1306 2230 1497 2261 monasterii
1537 2233 1652 2262 sancte
1688 2229 1858 2263 Trinitatis
1894 2229 2051 2264 antedicti
2090 2240 2150 2276 per

276 2282 442 2328 prefatum
487 2283 654 2318 dominum
699 2285 938 2319 Weneeslanm
985 2286 1220 2332 presbiterum
1264 2293 1518 2333 procuratorem
1562 2289 1745 2334 legitimum
1786 2290 1968 2324 eorundem
2007 2290 2147 2325 fratrum

277 2343 398 2376 suimus
428 2356 501 2377 cum
534 2347 694 2379 instancia
726 2346 836 2380 dehita
868 2351 1028 2392 requisiti,
1059 2353 1093 2381 ut
1123 2348 1161 2381 ad
1193 2352 1436 2383 execucionem
1467 2350 1650 2384 eorundem
1681 2351 1868 2397 procedere
1898 2356 1929 2385 et
1958 2354 2040 2398 ipsis
2059 2361 2151 2386 non-

277 2404 382 2436 nullas
420 2405 532 2439 literas
573 2412 686 2440 eontra
720 2408 954 2442 molestatores
984 2414 1014 2442 et
1044 2412 1258 2443 injuriatores
1288 2413 1434 2456 ipsorum
1465 2410 1651 2445 decernere
1681 2412 1894 2447 deberemus.
1950 2412 2020 2447 Nos
2049 2415 2149 2458 igitur

277 2464 363 2497 dicte
393 2466 462 2498 sedi
494 2468 676 2511 apostolice
708 2473 797 2501 tanto
828 2472 1031 2515 pronipciori
1061 2470 1193 2513 affectu.
1223 2475 1255 2503 ut
1286 2481 1329 2503 ex
1351 2470 1461 2504 debito
1482 2470 1678 2505 obediencie
1701 2477 1864 2517 tenemur,
1886 2477 2008 2519 quanto
2030 2473 2151 2507 dictam

276 2530 422 2559 nostram
455 2527 645 2561 ecclesiam.
677 2532 769 2562 cuius
799 2533 953 2567 ree-inunt
984 2531 1061 2563 licet
1091 2533 1243 2564 immeriti
1275 2531 1494 2576 presidemus.
1517 2543 1584 2565 non
1605 2533 1710 2567 solum
1733 2533 2012 2580 archiepiscopali
2033 2534 2150 2579 digni—

276 2591 342 2620 tate
390 2592 419 2620 et
468 2588 644 2622 vocabulo.
694 2601 810 2623 verum
860 2594 966 2624 ceiam
1014 2591 1202 2625 honorabili
1252 2592 1437 2637 legacionis
1485 2592 1596 2626 officio
1642 2594 1770 2639 prefata
1819 2594 1918 2628 sedes
1965 2594 2149 2641 apostolica

276 2648 409 2691 dignata
447 2653 496 2681 est
528 2661 585 2694 pre
615 2653 736 2683 ceteris
767 2650 966 2684 sublimare:
1001 2652 1058 2685 sed
1090 2655 1164 2697 quia
1195 2652 1389 2698 frequenter
1420 2656 1542 2687 nostris
1573 2658 1602 2686 et
1634 2655 1779 2689 ecclesie
1810 2659 1923 2689 nostre
1953 2656 2151 2702 preocupati
