2313 3090
1016 161 1059 195 71

106 263 216 297 bilium
247 266 396 298 virorum
426 264 635 299 dominorum
667 292 673 298 .
707 292 713 298 .
746 265 863 299 decani
894 271 925 299 et
955 265 1087 312 capituli
1118 266 1262 299 ecclesie
1293 266 1528 300 Olomucensis
1550 267 1645 301 nobis
1670 273 1880 313 presentatas
1901 280 1975 302 cum

105 324 213 359 dehita
250 328 449 359 reverencia
489 328 678 371 recepimus
715 329 746 360 in
784 326 846 360 hec
876 326 993 361 verba.
1050 327 1158 360 Prima
1190 327 1347 361 videlicet
1376 327 1498 361 domini
1527 327 1669 362 Urbani:
1702 328 1882 373 „Urbanus
1913 334 1976 363 etc.

103 385 222 420 Datum
260 385 366 419 Janue
402 386 512 420 Idibus
547 385 754 420 Novembris
790 386 1001 433 pontificatus
1037 390 1141 421 nostri
1177 399 1263 421 anno
1300 389 1414 422 nono“
1456 387 1536 424 (vid.
1568 389 1604 423 B.
1637 389 1695 423 XI.
1731 401 1762 423 n.
1795 389 1894 423 406».
1927 411 1976 415 —

107 446 187 480 Item
217 447 398 480 secundam
433 447 561 481 scilicet
599 447 761 481 Bonifacii
798 459 882 493 pape
912 452 1006 482 noni:
1050 448 1266 491 „Bonifacius
1309 453 1371 482 etc.
1420 449 1539 482 Datum
1571 449 1678 483 Rome
1708 450 1792 496 apud
1823 456 1972 484 sanctum

104 506 235 541 Petrum
265 507 296 541 V
325 508 400 542 Idus
430 507 633 542 Novembris
663 509 873 555 pontificatus
903 512 1007 543 nostri
1028 520 1114 542 anno
1142 512 1285 554 priinoff·
1318 509 1412 555 (vid.
1435 510 1473 543 B.
1495 509 1552 544 XI.
1576 522 1607 543 n.
1631 510 1732 544 575..
1759 532 1797 535 —
1824 511 1977 545 Tenorcs

103 579 187 602 vero
226 572 423 602 statutorum
453 574 485 602 et
523 569 776 603 ordinaciouum
814 570 1068 616 privilegiorum
1108 569 1239 603 fuerunt
1277 574 1307 603 et
1346 575 1438 604 erant
1470 571 1571 605 tales:
1613 570 1750 616 „Bruno
1779 572 1831 605 dei
1861 575 1976 617 gracia

104 632 281 675 ep1sc0pus
314 629 548 664 Olomucensis
584 635 647 664 etc.
703 630 825 664 Datum
862 634 893 665 in
933 629 1082 664 Cremsir
1120 630 1226 664 idibus
1257 630 1455 665 Decembris
1492 631 1628 666 MCCffl0
1668 630 1847 666 LXV110.“
1880 633 1972 678 [vid.

61 688 73 693 '
104 689 171 723 vol.
202 689 258 724 ΙΙΙ.
289 701 320 724 n.
352 690 459 736 406.)
490 712 538 715 ——
568 690 681 725 Tenor
710 692 792 725 alius
822 692 917 725 litere
947 696 996 725 est
1027 691 1120 725 talis:
1163 690 1256 736 „Nos
1295 691 1468 726 Johanncs
1507 692 1558 726 dei
1594 696 1709 738 gracia
1741 692 1976 728 Olomuceusis

103 753 281 796 episcopus
311 756 374 785 etc.
406 751 526 785 Datum
556 755 587 786 in
618 752 779 785 Olomucz
808 750 996 786 MCCCVIO
1016 755 1157 798 septimo
1182 751 1344 786 kalendas
1364 752 1498 787 Martii‘·
1532 753 1626 797 (vid.
1650 759 1728 788 tom.
1750 754 1792 788 V.
1814 766 1844 788 n.
1870 754 1974 800 189).

103 809 180 845 Post
208 811 396 846 huiusmodi
434 816 545 858 itaque
583 813 753 847 literarum
776 814 1034 860 apostolicarum
1065 818 1097 847 et
1126 813 1395 859 privilegiorum,
1434 819 1630 848 statutorum
1661 820 1690 847 et
1722 816 1974 849 ordinaciouum

104 872 329 918 predictorum
368 877 658 919 presentacioncm
695 879 727 907 et
765 878 1000 920 recepcioncm
1039 885 1100 920 pro
1137 879 1230 920 parte
1267 874 1430 908 dictorum
1470 876 1678 909 dominorum
1711 904 1717 910 .
1749 904 1755 909 .
1796 876 1914 910 decani
1944 882 1976 910 et

104 933 236 980 capituli
265 934 410 968 ecclesie
441 934 675 969 Olomucensis
705 934 763 969 fuit
792 935 888 969 nobis
917 934 1086 969 humiliter
1116 936 1347 981 supplicatum.
1378 941 1410 969 ut
1440 939 1530 970 iuxta
1562 941 1592 970 ct
1618 937 1800 970 secundum
1823 937 1973 970 traditam

103 1007 120 1029 a
148 996 230 1029 sede
259 995 441 1041 apostolica
471 995 567 1030 nohis
597 995 738 1030 formam
769 996 991 1042 supradictam
1022 999 1111 1042 ipsas
1141 997 1343 1042 apostolicas
1377 997 1490 1031 literas
1524 1001 1645 1042 exequi
1667 1009 1705 1031 ac
1727 998 1974 1039 ordinaciones‚

103 1060 222 1090 statuta
251 1061 283 1090 et
312 1056 488 1102 privilegia
514 1060 739 1102 suprascripta
761 1056 961 1090 confirmare
983 1057 1211 1102 dignaremur.
1246 1056 1315 1092 Nos
1337 1069 1420 1091 vero
1441 1057 1613 1091 Donaldus
1635 1057 1737 1092 abbas
1759 1063 1791 1092 et
1811 1062 1975 1091 executor

103 1117 253 1163 prefatus
282 1117 435 1151 volentes
465 1120 664 1151 exeeueioni
694 1118 954 1163 apostolicorum
986 1118 1216 1151 mandatorum
1247 1130 1382 1164 semper
1413 1130 1485 1151 eum
1509 1123 1628 1152 exacta
1660 1119 1838 1163 diligencia
1860 1121 1974 1152 inten-

103 1179 194 1217 dere,
225 1183 259 1212 ut
288 1183 452 1222 tenemur,
483 1179 730 1213 ordinacione-S.
761 1183 880 1212 statuta
911 1183 943 1212 et
972 1179 1148 1224 privilegia
1179 1182 1407 1224 suprascripta
1438 1182 1469 1212 in
1499 1179 1651 1212 omnibus
1673 1182 1802 1224 punctis
1824 1184 1853 1213 ct
1876 1180 1974 1213 clau-

102 1239 194 1282 sulis‚
224 1242 417 1281 sentenciis„
448 1239 620 1274 tenoribus
649 1245 681 1274 et
710 1240 838 1274 formis.
870 1244 963 1285 prout
986 1242 1141 1285 superius
1161 1250 1323 1285 expressa
1346 1245 1432 1275 sunt.
1463 1239 1549 1273 dieta
1572 1241 1754 1285 apostolica
1776 1243 1974 1274 auctoritate

103 1304 135 1334 et
162 1304 328 1346 potestate
356 1300 452 1334 nobis
492 1300 610 1334 tradita
648 1299 773 1334 robore
811 1304 963 1347 perpetui
1003 1303 1190 1335 muniminiS
1220 1304 1251 1334 in
1282 1301 1334 1334 dei
1364 1304 1498 1335 nomine
1528 1301 1752 1347 approbamus
1783 1306 1815 1335 et
1844 1301 1973 1335 contir-

104 1372 232 1395 mamus
261 1373 299 1395 ac
329 1360 511 1407 approbata
543 1366 575 1395 et
604 1362 799 1396 confirmata
830 1366 991 1407 perpetue
1022 1361 1190 1396 servanda
1221 1366 1253 1396 et
1282 1362 1438 1395 duratura
1470 1365 1635 1408 presentis
1665 1362 1838 1408 apostolici
1860 1365 1974 1408 scripti

104 1425 289 1468 patrocinio
319 1425 575 1456 communimus.
606 1422 642 1456 In
672 1434 813 1468 quorum
843 1425 988 1456 omnium
1018 1426 1048 1455 et
1079 1423 1286 1468 singulorum
1310 1423 1695 1457 evidenstestimonium
1718 1423 1804 1457 banc
1825 1428 1971 1457 nostram

101 1482 370 1517 confirmacionis
415 1483 545 1516 literam
590 1494 649 1529 per
697 1483 876 1517 discretum
925 1486 1031 1516 virum
1076 1483 1248 1517 Andrean]
1298 1487 1462 1518 notarium
1511 1483 1676 1530 publicum
1725 1484 1972 1530 infrascriptum

103 1549 320 1589 nostrumque
357 1543 501 1578 scribam
541 1544 640 1578 scribi
681 1548 713 1578 et
749 1543 910 1590 publicari
950 1545 1181 1579 mandavimus
1220 1556 1259 1579 ac
1297 1549 1401 1579 nostri
1442 1545 1540 1590 sigilli
1583 1548 1790 1591 appensione
1834 1546 1973 1579 fecimus

106 1604 270 1639 roborari.
323 1605 411 1639 Acta
441 1609 516 1638 sunt
544 1605 608 1639 hec
636 1605 797 1651 Wyenne
828 1608 859 1638 in
889 1610 1004 1639 nostro
1035 1609 1240 1640 monasterio
1271 1609 1303 1640 in
1333 1606 1428 1640 stuba
1458 1611 1570 1640 nostra
1603 1609 1767 1652 superiori
1798 1606 1857 1640 sub
1887 1618 1973 1640 anno

101 1666 224 1699 domini
262 1665 437 1700 millesimo
480 1670 718 1700 trecentesimo
762 1669 982 1711 nonagesimo
1026 1667 1186 1709 secundo,
1230 1668 1418 1701 indiccione
1457 1670 1567 1713 quinta
1612 1667 1752 1702 decima.
1799 1667 1851 1701 die
1889 1678 1973 1701 vero

102 1729 266 1772 vigesima
295 1729 399 1772 prima
431 1731 554 1761 mensis
583 1727 674 1769 Maii,
714 1727 795 1761 liora
826 1731 919 1773 quasi
952 1731 1142 1771 tere-iarum,
1172 1727 1383 1774 pontificatus
1417 1731 1617 1762 sanctissimi
1647 1731 1677 1761 in
1709 1728 1841 1762 Christo
1871 1731 1973 1774 patris

101 1792 133 1821 et
170 1788 293 1822 domini
332 1791 436 1822 nostri
475 1788 598 1822 domini
635 1788 799 1822 Bonifacii
838 1788 949 1822 divina
988 1789 1205 1834 providencIa
1243 1800 1326 1835 pape
1357 1792 1435 1823 noni
1465 1800 1551 1823 anuo
1583 1792 1700 1823 tercio.
1758 1789 1972 1823 Presentibus

99 1847 349 1882 honorabilibus
379 1851 460 1883 viris
491 1853 523 1882 et
552 1849 693 1882 dominis
723 1847 878 1882 Conrado
911 1848 950 1882 de
981 1849 1134 1894 Augusta
1166 1850 1342 1884 licenciato
1364 1853 1395 1884 in
1417 1850 1573 1893 decretis‚
1604 1849 1754 1896 Philippo
1775 1850 1816 1884 de
1837 1850 1970 1883 Brimna

100 1908 288 1943 baccalario
324 1912 356 1943 in
395 1909 540 1943 decretis
580 1915 610 1943 et
650 1909 852 1943 Gebehardo
892 1910 932 1943 de
972 1910 1121 1944 Saxouia
1162 1914 1287 1944 arcium
1329 1914 1490 1956 magistro
1530 1916 1560 1944 et
1595 1911 1666 1944 aliis
1696 1922 1792 1956 quam
1825 1909 1972 1956 pluribus

99 1968 162 2003 fide
192 1968 300 2015 dignis
330 1969 469 2004 testibus
499 1971 537 2004 ad
570 1974 732 2016 premissa
763 1974 893 2005 vocatis
923 1974 1051 2016 pariter
1082 1976 1111 2004 et
1143 1974 1282 2015 rogatis.

253 2029 295 2064 Et
324 2042 389 2076 ego
419 2031 578 2065 Andreas
606 2031 739 2066 Martini
770 2032 810 2065 de
840 2031 1036 2065 l'racliatiez
1068 2060 1073 2065 .
1107 2060 1112 2065 .
1147 2060 1152 2065 .
1187 2059 1192 2065 .
1224 2032 1373 2078 publicus
1405 2060 1411 2066 .
1445 2060 1450 2066 .
1485 2061 1489 2066 .
1524 2060 1530 2066 .
1562 2036 1710 2066 notarius
1740 2038 1802 2066 ete.

410 2144 501 2179 (Oi-ig.
527 2146 610 2177 Pvrg,
636 2145 663 2173 li,
689 2145 746 2177 Sig,
773 2145 808 2171 im
835 2145 908 2172 (itm,
935 2146 1006 2179 (7:11³.
1034 2146 1181 2179 A1⁴(·liix·÷›.fi

998 2292 1072 2329 86.

100 2366 253 2410 Bisclmf
267 2367 436 2402 Nikolaus
461 2381 523 2402 ron
549 2370 680 2404 Οίηιᾶίε
701 2370 865 2415 ὺεείᾰιίῃί
885 2372 940 2405 die
960 2370 1124 2403 ,S'tatuten
1160 2371 1219 2404 cles
1241 2370 1403 2404 Bri‘luner
1437 2370 1757 2414 felleumlenpilels
1787 2370 1963 2413 l>ezle19licli

579 2431 640 2464 der
672 2430 901 2465 Obede'etaezerc.
935 2431 992 2466 Dt.
1026 2432 1141 2465 Mirati
1171 2432 1230 2465 241.
1265 2432 1340 2465 Mai·
1378 2431 1488 2465 1392.

255 2504 298 2557 1η
329 2527 464 2558 nomine
494 2525 628 2559 domini.
658 2526 729 2560 Nos
758 2526 916 2561 Nicolaus
947 2528 998 2561 dei
1029 2533 1058 2561 et
1084 2528 1266 2573 apostolice
1287 2528 1377 2562 sedis
1398 2530 1512 2566 gracia
1535 2530 1711 2572 episcopus
1733 2526 1967 2560 Olomucensis

100 2584 243 2618 ecclesie
273 2584 522 2618 honorabilibus
554 2586 694 2620 dominis
723 2587 914 2621 Dictetvino
944 2592 1113 2634 preposito
1145 2593 1175 2621 et
1206 2589 1349 2634 capitulo
1380 2588 1522 2621 ecclesie
1553 2590 1672 2620 montis
1702 2590 1806 2620 sancti
1829 2586 1914 2620 Petri
1936 2590 1966 2620 iii

101 2644 210 2678 Bruua
242 2645 475 2679 Olomueensis
505 2651 618 2680 nostre
648 2647 791 2681 diocesis
821 2649 961 2682 salutem
993 2654 1024 2681 ct
1053 2652 1218 2682 sinceram
1249 2652 1278 2681 in
1310 2649 1442 2682 domino
1473 2651 1656 2681 caritatem.
1688 2647 1779 2682 Justa
1812 2653 1965 2681 votorum
