2313 3090
1044 192 1107 225 lisa

138 304 170 332 et
198 302 230 332 in
259 298 288 331 id
310 301 531 344 procurantes
552 297 702 330 adiectis.
734 302 996 330 conservatores
1016 307 1053 329 se
1072 295 1261 329 nullatenus
1286 296 1515 327 intromittant.
1546 302 1644 337 qnam
1666 291 1737 324 aliis
1759 289 2011 335 quilniscunqne

137 358 434 393 constitucionibus
463 369 480 390 a
510 357 810 403 predecessoribus
840 361 962 390 nostris
993 357 1152 390 Romanis
1182 354 1394 402 pontificibus
1424 358 1489 387 tam
1519 353 1560 386 de
1589 351 1752 385 iudicibus
1789 351 1953 395 delegatis
1984 355 2012 383 et

138 419 448 462 conversatoribns
487 429 584 464 quam
624 420 778 464 personis
817 418 899 451 ultra
937 423 1064 451 certum
1103 427 1278 451 numerum
1309 416 1348 449 ad
1384 415 1539 448 iudicium
1570 424 1635 447 non
1666 413 1828 447 vocandis
1858 416 1913 446 aut
1943 412 2015 445 aliis

138 481 266 518 edictisq
297 491 360 525 que
389 484 505 513 vestre
536 483 672 525 possent
702 482 733 512 in
764 478 826 512 hac
855 483 950 524 parte
980 478 1205 511 iurisdiecioni
1245 481 1299 509 aut
1328 478 1483 522 potestati
1519 478 1657 519 eiusque
1696 473 1802 507 libero
1841 467 2012 507 exercicio

138 540 389 587 quomodolibet
417 539 569 584 obviare,
608 551 667 573 sen
698 543 723 573 si
755 539 917 584 aliquibus
957 541 1178 572 connnuniter
1208 537 1263 571 vel
1293 537 1422 570 divisim
1454 548 1470 569 a
1501 535 1629 582 prefata
1660 537 1701 568 sit
1730 534 1810 569 sede
1840 534 2012 567 indultum.

138 602 225 648 quod
254 601 418 636 interdici.
449 601 608 647 suspendi
637 601 691 634 vel
721 603 1007 634 excommunicari
1038 604 1090 633 aut
1122 604 1217 632 extra
1238 598 1291 631 vel
1322 598 1406 631 ultra
1428 601 1520 630 certa
1541 597 1613 630 loca
1637 596 1674 629 ad
1696 596 1853 629 iudicium
1875 598 2012 629 evocari

115 675 204 698 -non
241 666 370 709 possint
406 674 467 708 per
503 662 630 696 litteras
669 662 871 708 apostolicas
909 673 974 695 non
1014 661 1176 694 facientes
1214 659 1346 705 plenam
1387 663 1419 691 et
1455 668 1653 704 expressam
1693 669 1731 691 ac
1766 657 1806 690 de
1836 656 1942 690 verbo
1973 656 2011 689 ad

138 724 278 759 verbum
322 724 362 758 de
404 724 528 758 indulto
558 723 746 757 huiusmodi
790 727 821 756 et
864 734 980 756 eorum
1020 724 1185 768 personis
1229 721 1323 754 locis.
1362 719 1535 753 ordinibus
1574 724 1605 752 et
1643 717 1831 752 nominibus
1868 720 2014 763 propriis

139 789 350 820 mencionem
381 790 413 819 et
441 784 584 831 qualibet
616 785 678 818 alia
709 784 795 818 dicte
824 784 913 817 sedis
943 783 1154 828 indulgencia
1186 781 1335 827 generali
1365 781 1420 815 vel
1451 781 1599 826 speciali.
1631 783 1859 825 cuiuscunque
1888 782 2014 813 tenoris

139 849 272 890 existat,
301 857 362 892 per
391 857 488 892 quain
518 845 729 892 presentibus
758 856 824 879 non
854 855 1053 890 expressam
1083 843 1137 876 vel
1167 843 1310 877 totaliter
1341 854 1406 876 non
1437 845 1594 876 insertam
1625 846 1739 875 vestre
1769 840 2014 874 iurisdiccionis

139 907 326 953 explicacio
363 910 396 941 in
433 907 497 941 hac
534 912 628 953 parte
667 907 777 940 valeat
817 904 1064 951 quomodolibet
1105 904 1255 950 impediri
1295 909 1324 937 et
1365 904 1404 937 de
1435 914 1498 948 qna
1529 905 1689 947 cuiusque
1719 907 1787 935 toto
1826 906 1944 935 tenore
1974 901 2015 934 de

139 968 246 1003 verbo
289 968 329 1002 ad
371 968 512 1003 verbum
557 971 588 1001 in
627 970 750 1001 nostris
789 968 906 1001 litteris
943 965 1098 1000 habenda
1137 968 1177 998 sit
1216 967 1347 998 mencio
1387 964 1552 1010 specialis.
1611 962 1767 996 Ceterum
1798 962 1953 995 volumus
1984 966 2015 995 et

140 1029 323 1076 apostolica
360 1032 558 1063 auctoritate
597 1028 821 1062 decernimus.
866 1027 952 1072 quod
993 1025 1126 1072 quilibet
1164 1029 1314 1059 vestrum
1354 1027 1511 1070 prosequi
1550 1024 1658 1056 valeat
1699 1023 1871 1056 articulum
1907 1025 2012 1055 eciam

139 1101 200 1136 per
227 1090 325 1124 alium
354 1089 559 1132 inchoatum,
590 1092 744 1135 quamvis
773 1089 859 1122 idem
898 1087 1061 1121 inchoans
1090 1086 1179 1120 nullo
1209 1085 1306 1119 fuerit
1334 1085 1570 1131 impedimento
1608 1086 1770 1117 canonico
1808 1083 2012 1130 prepeditus.

140 1151 296 1197 quodque
335 1163 352 1185 a
391 1151 465 1185 data
503 1153 717 1197 presencium
755 1153 793 1184 sit
830 1149 927 1183 vobis
963 1153 995 1182 et
1033 1147 1165 1181 cuilibet
1205 1150 1352 1180 vestrum
1390 1149 1420 1179 in
1451 1148 1622 1191 premissis
1652 1144 1806 1178 omnibus
1836 1149 1867 1178 et
1897 1155 2012 1178 eorum

0 1229 9 1255 s
140 1215 246 1259 ceptis
275 1217 307 1247 et
335 1223 402 1246 non
432 1214 537 1259 ceptis
566 1210 778 1258 presentibus
808 1215 838 1244 et
868 1210 988 1243 suturis
1017 1213 1212 1255 perpetuata
1243 1212 1390 1253 potestas
1423 1212 1455 1241 et
1483 1207 1674 1240 iurisdiccio
1705 1205 1870 1239 attributa.
1911 1210 1943 1239 ut
1973 1217 2014 1238 eo

0 1267 3 1280 ³
139 1275 262 1318 vigore
291 1284 398 1319 eaque
427 1272 581 1307 firmitate
611 1274 744 1318 possitis
775 1275 804 1305 in
835 1273 1007 1317 premissis
1038 1269 1189 1304 omnibus
1221 1271 1325 1314 ceptis
1347 1273 1377 1301 et
1399 1279 1464 1301 non
1486 1270 1591 1313 ceptis
1612 1266 1823 1313 presentibus
1844 1271 1875 1300 et
1896 1266 2015 1300 suturis

141 1338 173 1368 et
200 1345 261 1380 pro
290 1334 449 1380 predictis
477 1333 677 1379 procedere.
708 1344 746 1366 ac
776 1335 802 1365 si
831 1332 980 1378 predicta
1011 1334 1123 1365 onmia
1152 1335 1183 1363 et
1213 1329 1343 1367 singula
1383 1340 1495 1363 coram
1536 1327 1632 1361 vobis
1671 1332 1766 1373 cepta
1804 1327 1943 1361 fuissent
1983 1331 2014 1360 et

140 1395 332 1429 iurisdiccio
369 1399 484 1429 vestra
524 1399 555 1428 et
585 1394 758 1428 cuiuslibet
798 1397 947 1427 vestrum
978 1396 1011 1426 in
1039 1391 1198 1438 predictis
1228 1389 1381 1423 omnibns
1411 1393 1440 1422 et
1471 1388 1610 1433 singulis
1641 1399 1702 1434 per
1731 1390 1928 1422 citacionem
1959 1388 2014 1421 vel

141 1456 274 1491 modum
314 1456 413 1490 alium
450 1460 647 1502 perpetuata
685 1455 869 1500 legitimum
911 1456 1087 1487 extitisset.
1127 1454 1372 1485 constitucione
1402 1450 1551 1497 predicta
1583 1461 1685 1495 snper
1714 1448 2016 1483 conservatoribus

141 1522 173 1551 et
211 1517 273 1551 alia
310 1516 456 1563 qualibet
493 1519 525 1550 in
565 1519 768 1550 contrarium
808 1527 873 1549 non
905 1514 1070 1548 obstante.
1110 1511 1323 1559 presentibus
1352 1516 1426 1558 post
1457 1511 1655 1544 decennium
1688 1513 1820 1543 minime
1851 1509 2014 1543 valituris.

140 1578 262 1613 Datum
291 1577 400 1612 Rome
430 1577 516 1624 apud
546 1582 697 1611 sanctum
728 1576 861 1610 Petrum
890 1576 932 1610 ΙΙ.
962 1575 1027 1609 kal.
1059 1573 1150 1608 Maii.
1181 1572 1392 1620 pontificatus
1422 1575 1525 1606 nostri
1555 1583 1642 1605 anno
1673 1574 1799 1617 quinto.

454 1708 547 1744 (Orig,
572 1709 656 1743 Perg.
682 1708 733 1734 mit
756 1708 892 1739 Bleisigel
918 1707 954 1732 ini
979 1706 1053 1734 Olm.
1078 1706 1149 1740 Cap.
1175 1704 1324 1738 Art—nivo)

1031 1931 1133 1967 192.

212 2021 351 2056 Jolzann
381 2021 531 2066 Psarrer
560 2023 592 2054 ite
628 2011 735 2064 [bez-(l
763 2019 909 2054 behemot
937 2020 991 2052 εἰη
1020 2018 1158 2052 Schoelz·
1189 2018 1255 2051 med
1285 2017 1364 2050 acle!
1397 2015 1572 2049 Groscken
1602 2015 1759 2058 seleuldigs
1790 2026 1829 2047 zu
1859 2015 1942 2047 sein.

941 2079 971 2113 1.
1004 2079 1081 2113 Mai
1109 2078 1220 2112 1394.

300 2168 529 2223 Constitutus
558 2188 782 2234 personaliter
810 2197 924 2220 coram
954 2185 1050 2220 nobis
1075 2183 1230 2219 Johanne
1261 2183 1356 2217 Kbel.
1387 2181 1521 2216 officiali
1550 2186 1613 2215 etc.
1645 2181 1800 2214 dominus
1831 2178 2016 2212 Johannes.

142 2249 304 2296 plebanus
334 2248 479 2283 ecclesie
508 2252 541 2282 in
569 2248 698 2293 Ugiezd
729 2247 882 2281 Olomuc.
914 2247 999 2280 dioc.
1031 2245 1209 2279 confessus
1239 2248 1289 2278 est
1309 2247 1341 2277 et
1371 2245 1583 2287 recognovit.
1614 2253 1650 2275 se
1672 2243 1779 2274 teneri
1801 2244 1831 2273 et
1855 2239 2018 2273 (lebitorie

143 2310 286 2356 obligari
314 2312 347 2343 in
375 2320 441 2343 una
470 2320 644 2354 sexagena
674 2319 748 2342 cum
777 2307 867 2342 VIII.
897 2310 1028 2352 grossis
1059 2306 1197 2340 Andree
1227 2304 1366 2342 Karass,
1397 2305 1528 2337 notario
1558 2302 1743 2348 hospitalis.
1775 2311 1858 2346 quas
1880 2299 2016 2333 solvere

144 2373 294 2418 promisit
322 2372 355 2403 in
384 2369 470 2404 festo
499 2374 615 2404 sancte
643 2368 861 2413 Margarethc
891 2371 1045 2414 proxime
1076 2371 1220 2400 venturo
1250 2364 1309 2399 sub
1341 2376 1425 2410 pena
1457 2364 1836 2397 excommunicacionis.
1895 2362 2015 2393 Actum

144 2442 233 2466 anno
262 2435 325 2465 etc.
357 2430 409 2463 die
438 2432 544 2476 prima
575 2433 699 2464 mensis
727 2428 805 2463 Maii
836 2427 1047 2475 presentibus
1076 2427 1296 2461 &Veneeslao
1327 2425 1495 2470 Wanyra.
1524 2423 1679 2457 Johaniie
1709 2427 1772 2456 etc.

460 2562 532 2595 (Ans
556 2561 619 2586 dem
644 2561 715 2586 liber
739 2560 946 2593 obligationum
974 2560 1012 2586 11.
1038 2559 1058 2587 f,
1085 2560 1123 2584 24
1149 2559 1184 2583 im
1212 2559 1317 2591 Prnger
1342 2556 1462 2589 Metrop.
1488 2554 1767 2589 Cnpitel-Archivest
