2313 3090
1228 187 1296 220 llo

328 294 480 327 Mauricii
509 298 624 327 nostre
654 295 796 326 civitatis
826 302 885 337 per
906 291 1127 324 Ffridericum
1159 289 1426 324 Sleichenkawll'
1451 289 1526 323 olim
1557 292 1665 323 civem
1710 289 1968 323 Olomucensem
2005 293 2193 323 testamen-

328 355 437 387 taliter
467 354 650 399 deputatas.
682 354 721 386 de
751 352 912 386 favoroso
943 363 1109 385 consensu
1141 356 1172 384 et
1201 353 1386 384 annuencia
1417 353 1623 384 serenissimi
1651 353 1810 396 principis
1840 355 1872 384 et
1909 350 2032 384 domini
2070 350 2193 384 domini

332 414 450 448 Jodoci
489 414 692 447 marchionis
732 417 763 446 et
802 413 925 446 domini
962 412 1116 446 Moravie
1156 414 1314 456 generosi
1354 410 1477 444 domini
1515 413 1631 447 nostri.
1669 414 1762 445 cuius
1801 422 1902 456 super
1939 410 2003 444 hoc
2043 415 2196 456 patentes

328 475 471 508 vidimus
514 476 639 510 literas*
682 486 721 507 ae
765 474 805 506 de
848 478 976 506 matura
1015 478 1044 507 et
1091 473 1194 506 libera
1233 472 1404 505 voluntate
1446 476 1662 517 patronorum
1705 472 1791 505 dicte
1833 472 1995 518 cappelle,
2037 472 2196 505 videlicet

328 536 523 569 W‘enceslai
563 536 601 568 de
641 534 810 579 Prespurg
848 534 1003 567 advocati
1041 537 1146 567 nostri
1183 533 1387 569 hereditarih
1431 532 1596 577 quondam
1634 532 1711 566 Ade
1749 532 2018 566 Sleichenkawff
2052 531 2119 572 filii„
2158 543 2198 565 ac

329 596 523 629 Weneeslai
555 596 594 628 de
623 595 795 640 Dolopia&
826 595 866 628 ad
896 605 979 639 quos
1010 606 1054 628 ex
1074 594 1236 638 legittima
1268 597 1299 626 et
1328 593 1530 626 hereditaria
1550 595 1768 626 successione
1792 594 1848 636 jus
1877 597 2070 638 patronatus
2092 595 2196 638 ipsius

329 657 478 701 cappelle
500 657 681 689 dinoscitur
700 655 837 688 realiter
865 657 1046 700 pertinere„
1077 666 1115 687 ac
1145 654 1185 687 de
1211 658 1289 687 nutu
1320 657 1352 686 et
1372 652 1605 686 benivolencia
1636 653 1758 686 domini
1777 652 1964 687 Weliconis
1999 657 2076 686 tunc
2095 655 2198 699 ipsius

330 717 478 762 eappelle
500 716 696 761 cappellani„
727 715 870 748 eundem
894 726 1029 748 censum
1060 719 1136 747 octo
1157 724 1345 747 marcarum
1375 713 1550 746 redimisse
1576 713 1617 746 de
1646 715 1737 746 curia
1759 717 1790 746 et
1810 713 1980 748 maccellis
2003 715 2198 759 prenotatis,

329 780 435 822 ipsum
475 788 606 822 quoque
647 787 784 809 censum
821 787 965 809 annuum
1004 778 1051 810 sic
1088 776 1297 820 redemptum
1335 774 1375 807 de
1413 776 1504 807 curia
1540 778 1571 807 et
1606 773 1775 808 maccellis
1815 778 1846 807 et
1880 773 2076 808 abscussum
2104 776 2137 807 in
2166 777 2199 807 et

328 849 429 883 super
465 837 665 870 molendium
696 847 789 869 suum
812 841 888 869 ante
916 840 1045 882 portam
1075 838 1179 870 sancti
1200 835 1300 868 Blasii
1329 838 1444 868 nostre
1473 837 1617 868 civitatis
1638 835 1721 867 ultra
1752 834 1913 868 decursus
1934 834 2025 869 fluvii
2044 833 2200 868 Morawe

328 900 469 942 positum
500 902 531 931 et
560 900 662 942 ipsius
691 897 871 931 molendini
899 884 1049 942 singulas
1069 899 1295 942 pertinencias
1316 895 1524 929 transtulisse
1545 900 1577 929 et
1597 895 1739 929 finaliter
1759 898 1962 940 assignasse.
1996 895 2199 929 Promittens

328 969 388 1004 pro
418 969 454 992 se
484 957 664 992 heredibus
694 962 726 991 et
754 957 1008 992 successoribus
1036 958 1204 1002 legitimis.
1235 957 1357 990 dictum
1380 967 1518 990 censum
1539 960 1615 989 octo
1637 966 1824 989 marcarum
1848 956 1888 989 de
1909 958 1980 1001 ipso
2002 955 2195 989 molendino

331 1024 361 1052 et
391 1022 459 1053 suis
489 1021 704 1065 pertinenciis
733 1021 827 1052 annis
856 1018 996 1063 singulis
1025 1029 1085 1064 per
1114 1018 1256 1051 medium
1289 1020 1320 1050 in
1351 1016 1489 1061 Georgii
1520 1021 1552 1050 et
1580 1017 1725 1050 medium
1755 1019 1786 1049 in
1811 1015 1985 1050 Michaelis
2004 1020 2196 1050 sanctorum

329 1079 566 1113 festivitatibus
596 1082 752 1113 continue
781 1082 945 1113 secuturis
974 1083 1135 1125 perpetue
1157 1078 1243 1111 dicto
1274 1078 1408 1111 domino
1425 1077 1595 1111 Weliconi
1626 1081 1657 1110 et
1685 1079 1753 1110 suis
1777 1076 2031 1110 successoribus
2051 1076 2195 1122 cappel-

329 1141 411 1174 lanis
450 1140 592 1174 dandum
630 1140 869 1186 porrigendum
909 1150 949 1173 ac
987 1142 1059 1173 sine
1088 1139 1301 1183 negligencia
1331 1138 1590 1184 presentandum
1620 1137 1680 1172 sub
1711 1147 1795 1183 pena
1823 1148 1885 1182 pro
1915 1136 2070 1171 censibus
2099 1137 2196 1171 solita

327 1202 503 1245 judiciarie
533 1200 724 1245 infligenda.
756 1200 791 1233 In
821 1202 914 1234 cuius
934 1202 983 1233 rei
1004 1202 1226 1233 testimonium
1248 1199 1392 1243 sigillum
1413 1202 1528 1232 nostre
1548 1200 1692 1231 civitatis
1712 1196 1923 1243 presentibus
1944 1201 1994 1231 est
2013 1207 2197 1243 appensum

331 1262 382 1295 die
412 1264 517 1295 sancti
547 1260 717 1305 Gregorii,
747 1271 834 1294 anno
864 1260 987 1294 domini
1015 1260 1191 1294 millesimo
1220 1262 1459 1293 trecentesimo
1488 1261 1710 1304 nonagesimo
1740 1261 1857 1292 tercio.

641 1388 735 1430 (sn-ig,
760 1392 844 1425 Pei-g.
868 1391 896 1417 h.
926 1391 985 1425 Sig.
1010 1391 1047 1416 im
1072 1391 1146 1418 Olin,
1173 1389 1424 1425 stadt-Archive.)

1220 1571 1324 1607 129.

331 1650 419 1683 Paul
455 1661 517 1682 ron
557 1649 757 1693 Enlenlmry
801 1650 868 1683 und
902 1650 974 1682 sein
1014 1648 1108 1682 Solen
1138 1649 1242 1681 daz-lm
1273 1648 1449 1683 heb-ennea
1487 1649 1561 1683 (lem
1591 1649 1820 1693 Marlfqrafen
1848 1647 1962 1682 Jodolf
1990 1648 2065 1682 400
2096 1647 2198 1681 Marlc

689 1710 865 1743 (iroselcen
894 1709 1049 1753 schaldis]
1080 1721 1119 1742 ῑ-ιι
1148 1711 1233 1743 sein.
1266 1709 1324 1744 Dt.
1357 1709 1478 1743 Breilm
1507 1709 1565 1743 21.
1598 1709 1699 1743 Ma'rz
1730 1708 1840 1743 1393.

488 1786 582 1850 Ego
612 1805 749 1839 Pauliko
779 1806 820 1838 de
850 1804 1058 1849 Evvlenhurg
1087 1810 1119 1838 et
1147 1805 1248 1838 Jeseo
1278 1810 1373 1839 natus
1402 1817 1461 1840 seu
1492 1805 1575 1839 lilius
1614 1809 1685 1839 eius
1715 1805 1756 1838 de
1784 1804 2029 1850 Ewlemburgh
2057 1809 2196 1838 notum-

330 1865 470 1899 facimus
500 1870 617 1899 tenore
656 1868 868 1911 presencium
898 1868 1077 1899 universis.
1109 1864 1203 1906 Quod
1234 1869 1469 1900 serenissimus
1498 1869 1655 1912 princeps
1685 1866 1838 1899 dominus
1867 1864 2016 1899 Jodocus
2045 1864 2196 1898 marchio

330 1930 363 1959 ct
391 1925 542 1960 dominus
570 1926 739 1970 MoraviQ
778 1926 929 1960 dominus
967 1931 1083 1959 noster
1119 1929 1389 1971 graciosissimus
1417 1926 1514 1961 nobis
1548 1927 1809 1973 quadringentas
1838 1936 1969 1959 marcas
1998 1936 2196 1971 grossorum

330 1989 361 2019 in
391 1991 504 2019 nostra
534 1990 736 2021 necessitate
766 1989 911 2020 maxima
941 1987 979 2019 ad
1001 1991 1188 2020 nostrarum
1211 1999 1347 2033 precum
1370 1987 1537 2022 humilium
1560 1988 1717 2021 devotam
1738 1989 1935 2022 instanciam
1955 1986 2197 2031 benignissime

331 2049 363 2080 in
394 2050 518 2092 paratis
548 2051 697 2093 pecuniis
727 2051 877 2089 mutavit„
907 2050 954 2082 sic
984 2048 1070 2093 quod
1101 2059 1160 2082 sue
1190 2048 1444 2093 magnificencie
1474 2048 1626 2082 munifica
1656 2051 1770 2093 gracia
1799 2050 1951 2082 virtuose
1971 2051 2110 2093 pensata
2131 2058 2197 2092 ego

338 2107 473 2141 Pauliko
512 2113 544 2141 et
578 2108 682 2142 Jesko
721 2108 803 2142 lilius
840 2111 910 2142 eius
949 2108 1087 2154 predicti
1126 2120 1186 2143 nos
1224 2114 1256 2142 et
1285 2109 1428 2143 heredes
1466 2114 1600 2144 nostros
1629 2108 1759 2155 prefato
1789 2108 1922 2142 domino
1951 2107 2137 2141 marchioni
2166 2109 2197 2140 in

331 2167 425 2200 dictis
454 2168 706 2212 quadringentis
732 2172 853 2202 marcis
881 2179 1078 2213 grossorum
1110 2172 1171 2201 rite
1201 2181 1240 2202 ac
1269 2169 1516 2203 racionabiliter
1545 2169 1767 2213 obligavimus
1788 2173 1821 2202 et
1840 2171 1963 2203 virtute
1983 2170 2196 2214 presencium

330 2231 441 2261 animo
472 2228 656 2262 deliberato
685 2241 724 2263 ac
760 2230 801 2263 de
840 2234 930 2263 certa
961 2234 1075 2263 nostra
1115 2232 1259 2263 sciencia
1300 2231 1407 2263 taliter
1443 2230 1642 2275 obligamus,
1682 2230 1769 2275 quod
1805 2240 1869 2274 ego
1908 2228 2045 2263 Pauliko
2075 2228 2137 2264 sibi
2167 2233 2200 2263 et

332 2289 409 2322 nulli
439 2288 532 2322 alteri
563 2292 690 2323 viventi
721 2290 845 2324 homini
875 2302 950 2324 cum
980 2295 1090 2324 castro
1122 2302 1196 2323 meo
1227 2290 1446 2335 Ewlemburg
1475 2296 1506 2325 ct
1536 2291 1631 2324 bonis
1660 2290 1699 2324 ad
1730 2293 1836 2336 ipsum
1867 2294 2012 2323 castrum
2033 2293 2199 2335 spectan-

331 2348 417 2382 tibus
438 2353 469 2382 et
489 2350 561 2382 aliis
582 2350 781 2395 quibuslibet
802 2353 970 2385 universis
995 2354 1127 2385 servire
1149 2351 1310 2396 spondeo,
1341 2356 1459 2385 teneor
1488 2356 1520 2385 ct
1536 2351 1678 2396 obligor‚
1709 2362 1788 2385 suus
1817 2354 1850 2384 et
1869 2350 1989 2384 nullius
2010 2354 2042 2384 et
2062 2349 2198 2384 alterius

331 2420 474 2443 unacum
504 2415 614 2443 castro
645 2411 794 2456 predicto
825 2416 888 2445 tam
920 2412 972 2445 diu
1003 2415 1158 2457 promitto
1190 2423 1265 2446 esse
1295 2417 1326 2445 et
1356 2412 1437 2448 lieri.
1468 2422 1640 2458 quousque
1669 2414 1840 2445 serenitati
1869 2422 1928 2445 sue
1948 2413 2198 2457 prenominatas

331 2470 593 2515 quadringentas
623 2482 754 2506 marcas
783 2483 978 2517 grossorum
1010 2475 1042 2506 in
1070 2476 1193 2518 paratis
1223 2476 1371 2518 pecuniis
1401 2473 1550 2519 plenario
1580 2473 1716 2506 solvero
1747 2476 1779 2505 et
1807 2483 1852 2505 ex
1889 2475 1971 2506 toto.
2026 2471 2074 2505 Ila
2110 2470 2197 2516 quod

332 2534 394 2564 iam
426 2531 546 2564 dictum
578 2537 722 2566 castrum
754 2544 862 2566 meum
892 2532 1124 2577 Ewlemburg‚
1155 2533 1431 2578 quandocumque
1453 2533 1512 2567 sibi
1534 2535 1720 2567 necessitas
1742 2532 1840 2566 fuerit
1860 2536 1893 2566 et
1912 2534 2198 2577 quociescumque

332 2593 478 2626 voluerit
513 2597 540 2625 et
571 2593 792 2637 mandaverit⁷
831 2596 961 2627 interim
999 2605 1064 2639 quo
1103 2593 1357 2637 magnificencie
1395 2605 1454 2628 sue
1484 2594 1619 2628 easdem
1658 2593 1919 2638 quadringentas
1962 2603 2094 2626 marcas
2130 2602 2197 2626 non

333 2653 481 2696 solvero,
520 2651 645 2697 absque
684 2657 766 2688 meis
804 2658 836 2687 ct
873 2653 1034 2689 heredum
1075 2665 1223 2687 meorum
1263 2654 1413 2699 dampnis
1451 2659 1566 2688 contra
1596 2664 1728 2687 omnem
1758 2656 1929 2688 viventem
1960 2652 2127 2687 hominem
2157 2654 2199 2687 sit
