2313 3090
991 200 1064 235 127

105 306 256 342 faciendo
286 308 427 339 termino
458 310 674 339 contumaces
703 308 881 340 extiterant
912 311 943 339 et
973 305 1127 348 rebelles,
1165 311 1302 352 propter
1331 318 1428 351 quam
1458 316 1592 340 causam
1623 310 1653 339 et
1683 315 1803 339 causas
1844 316 1974 350 procu-

104 373 195 402 rator
224 372 255 401 et
283 369 417 401 nomine
446 369 678 412 procuratorio
696 370 798 412 partis
828 370 961 401 actricis
982 378 1055 400 cum
1077 370 1238 401 instancia
1260 367 1369 401 debita
1391 370 1507 413 petivit
1528 377 1589 400 nos
1607 366 1786 399 humiliter.
1808 366 1974 412 predictas

104 439 180 462 reas
209 432 321 474 partes
351 427 486 461 decerni
525 430 765 461 contumacias.
795 438 877 473 quos
916 428 1025 461 taliter
1059 439 1120 474 pro
1162 427 1316 462 tribunali
1355 428 1504 461 sedendo
1551 431 1812 473 pronunciamus
1851 432 1976 460 eontu-

105 500 218 523 maces
255 491 286 522 in
321 488 373 522 dei
412 490 546 521 nomine
585 492 615 521 et
644 491 905 534 pronunciamus
935 488 975 522 de
1005 492 1162 534 presenti.
1196 488 1235 522 Et
1266 489 1499 522 nichilominus
1529 489 1678 534 predicte
1708 490 1842 521 actricis
1872 490 1974 533 partis

106 554 305 597 procurator
334 553 365 583 et
394 551 528 583 nomine
558 552 789 594 procuratorio
820 552 967 595 ipsorum
997 548 1190 583 absenciam
1220 554 1251 583 et
1281 552 1525 583 contumaciam
1556 560 1622 582 non
1652 548 1838 582 obstantem
1860 551 1977 594 petivit

106 611 240 644 decerni
279 609 339 644 sibi
378 614 493 643 contra
532 609 700 655 predictas
745 614 857 655 partes
896 621 971 644 reas
1010 613 1207 644 auctoritate
1246 615 1359 644 nostra
1399 613 1464 644 imo
1501 613 1616 643 verius
1655 608 1837 655 apostolica
1877 620 1975 642 unam

70 696 83 701 -
108 674 304 706 citacionem
342 670 524 716 legitimam
560 681 599 703 ac
634 669 744 703 libello
782 670 902 703 dudum
942 682 1055 704 coram
1092 670 1188 705 nobis
1217 670 1328 704 oblato
1358 671 1508 715 legitime
1540 670 1612 704 fore
1642 669 1912 715 respondendum
1947 674 1979 703 et

106 732 230 767 debere
258 744 319 779 per
348 735 438 778 ipsos
467 735 565 777 prout.
594 731 634 764 de
659 732 735 775 jure
766 731 975 776 responderi.
1006 731 1045 764 ad
1076 736 1108 765 et
1137 743 1238 777 super
1258 736 1409 776 quartam
1432 731 1549 765 seriam
1570 734 1757 777 proximam
1780 735 1978 776 sequentem

105 798 180 840 post
208 793 419 835 dominicam,
450 803 512 838 qua
543 792 595 825 dei
625 791 767 825 ecclesia
800 796 951 825 cantatur
983 791 1173 836 „Jubilate“
1196 797 1258 825 etc.
1282 792 1363 825 hora
1386 795 1576 826 tei-ciarum.
1600 791 1669 825 Nos
1691 794 1791 836 igitur
1806 790 1979 825 Jaroslaus

106 854 221 897 abbas⁷
259 858 482 888 conservator
519 857 551 886 et
583 852 689 897 judex
714 853 921 898 supradictus
960 853 1213 886 considerantes
1243 855 1444 898 peticionem
1475 852 1662 886 huiusmodi
1693 852 1765 886 fore
1796 863 1978 886 consonam

102 917 170 961 juri
198 920 229 949 et
258 917 396 948 racioni.
426 917 532 960 ipsam
561 918 752 959 presentem
783 916 980 946 citacionem
998 924 1057 959 pro
1086 912 1240 947 tribunali
1261 913 1409 947 sedendo
1427 916 1625 947 auctoritate
1647 918 1760 946 nostra
1782 916 1846 947 imo
1865 916 1979 946 verius

108 976 290 1022 apostolica
319 981 434 1009 contra
464 979 577 1020 partes
606 973 793 1007 huiusmodi
823 974 862 1007 ad
894 974 1162 1020 respondendum
1192 977 1223 1008 in
1254 974 1383 1019 prefixo
1406 977 1547 1008 termino
1569 979 1600 1007 et
1621 973 1747 1007 debere
1767 974 1978 1019 responderi.

108 1038 204 1071 litere
219 1035 290 1070 fieri
313 1041 343 1070 et
365 1036 513 1078 decerni,
535 1034 748 1068 decrevimus
766 1039 796 1068 et
818 1035 1029 1068 decernimus
1045 1046 1105 1081 per
1121 1040 1308 1080 presentes.
1327 1034 1541 1080 Quapropter
1559 1033 1655 1068 vobis
1672 1035 1813 1068 dominis
1831 1034 1981 1080 plebanis

109 1102 141 1132 et
159 1096 347 1131 rectoribus
386 1096 605 1130 ecclesiarum
627 1095 824 1141 supradictis
846 1100 899 1128 aut
921 1100 1054 1129 vestras
1084 1098 1177 1129 vices
1206 1095 1411 1139 gerentibus7
1430 1095 1650 1140 omnibusque
1680 1095 1751 1129 aliis
1781 1100 1812 1128 et
1843 1095 1982 1140 singulis

109 1158 329 1192 ecclesiarum
358 1156 546 1191 rectoribus
575 1161 607 1190 et
637 1159 783 1201 ipsorum
814 1156 886 1201 loca
917 1155 1104 1189 tenentibus
1134 1155 1220 1189 dicte
1243 1155 1477 1189 Olomucensis
1499 1156 1654 1199 diocesis,
1685 1159 1739 1201 qui
1769 1155 1981 1201 presentibus

110 1221 310 1253 coniunctim
339 1218 395 1252 vel
424 1217 555 1251 divisim
586 1216 715 1250 fueritis
744 1219 894 1261 requisiti
923 1228 983 1250 seu
1012 1216 1095 1250 alter
1123 1221 1272 1250 vestrum
1304 1216 1400 1250 fuerit
1431 1220 1622 1262 requisitus,
1653 1219 1683 1250 in
1713 1220 1837 1250 virtute
1867 1221 1982 1250 sancte

111 1279 307 1314 obediencie
345 1283 377 1313 et
415 1277 475 1312 sub
513 1280 878 1312 excommunicacionis
916 1277 980 1311 late
1015 1281 1187 1311 sentencie
1225 1280 1331 1323 penis,
1372 1281 1398 1311 si
1439 1277 1627 1311 mandatum
1660 1283 1809 1311 nostrum
1840 1288 1982 1323 presens

111 1339 359 1386 quomodolibet.
387 1350 454 1373 non
482 1339 631 1373 feceritis
661 1350 720 1372 seu
742 1338 855 1371 facere
873 1341 1122 1379 recusaveritis,
1144 1337 1283 1372 firmiter
1304 1343 1332 1372 et
1356 1339 1504 1372 districte
1526 1342 1752 1385 precipientes
1774 1340 1982 1373 mandamus.

111 1406 272 1448 quatenus
310 1412 390 1435 mox
427 1399 538 1434 habita
576 1402 787 1446 presencium
827 1402 947 1432 noticia
986 1402 1044 1442 sic,
1085 1399 1172 1444 quod
1202 1410 1285 1433 unus
1316 1404 1464 1433 vestrum
1496 1399 1594 1433 alium
1624 1403 1654 1433 in
1686 1399 1886 1445 exequendo
1917 1411 1983 1433 non

110 1467 267 1509 expectet
295 1462 350 1496 vel
378 1472 439 1508 per
467 1461 603 1494 alterius
632 1460 822 1494 absenciam
854 1472 890 1493 se
920 1471 986 1493 non
1016 1465 1167 1503 excuset,
1198 1460 1348 1506 prefatos
1378 1460 1531 1494 dominos
1561 1460 1758 1494 Bohdalum.
1780 1459 1980 1494 Jankonem.

110 1523 335 1558 Michahelem
365 1527 397 1557 et
426 1521 609 1567 Georgium
640 1521 862 1555 ecclesiarum
893 1520 1053 1566 plebanos
1083 1526 1115 1554 et
1135 1526 1286 1555 rectores
1307 1521 1531 1567 personaliter
1551 1521 1766 1565 acccdentes3
1789 1525 1815 1555 si
1836 1525 1983 1568 ipsorum

111 1587 321 1631 presenciam
360 1583 502 1617 comode
541 1581 667 1616 habere
705 1585 867 1628 poteritis.
899 1582 979 1615 alias
1009 1580 1140 1626 publice
1170 1585 1200 1616 in
1232 1583 1386 1616 ecclesiis
1416 1587 1448 1616 et
1477 1583 1608 1617 dotibus
1638 1586 1785 1628 ipsorum
1817 1588 1847 1616 et
1878 1586 1982 1616 eciam

113 1645 265 1679 ecclesiis
294 1647 418 1678 vestris
447 1655 486 1677 ac
515 1654 628 1677 coram
659 1646 805 1689 ipsorum
837 1642 958 1676 familia
989 1647 1019 1675 et
1051 1642 1134 1675 infra
1166 1646 1342 1677 missarum
1373 1644 1558 1689 solempnia
1589 1655 1703 1678 eoram
1735 1642 1858 1677 Christi
1896 1642 1985 1677 fide-

113 1705 197 1739 libus
234 1704 365 1751 publice
402 1707 435 1739 in
474 1703 617 1738 ambone
655 1704 718 1737 alta
758 1708 787 1737 et
828 1702 1023 1748 intelligibili
1061 1714 1148 1737 voce
1185 1704 1223 1737 ad
1255 1708 1404 1738 nostram
1436 1707 1663 1750 peremptorie
1692 1707 1800 1738 citetis
1830 1709 1861 1738 et
1891 1707 1986 1738 citari

113 1766 242 1800 faciatis
271 1769 493 1811 presenciam,
523 1776 606 1810 quos
635 1769 667 1798 et
695 1776 756 1798 nos
787 1764 998 1810 presentibus
1028 1767 1178 1798 citamus.
1210 1769 1241 1798 ut
1271 1768 1332 1810 ipsi
1363 1776 1427 1799 uno
1458 1776 1517 1810 pro
1548 1765 1651 1799 tribus
1690 1765 1798 1799 edicto
1836 1765 1985 1810 legitime

115 1831 332 1873 compareant
360 1837 474 1860 coram
503 1825 600 1860 nobis
638 1828 669 1859 in
708 1825 794 1859 dicto
834 1829 947 1858 nostro
985 1828 1188 1858 monasterio
1227 1836 1327 1871 super
1366 1830 1516 1871 quartam
1547 1825 1664 1859 feriam
1696 1829 1881 1872 proximam
1912 1831 1985 1872 post

115 1887 314 1921 dominicam
356 1885 500 1921 Jubilate
542 1886 624 1920 hora
654 1889 845 1929 terciaruni,
886 1885 994 1919 libello
1033 1896 1093 1931 per
1131 1889 1289 1919 actricem
1326 1890 1453 1932 partem
1492 1887 1673 1932 predictam
1714 1887 1834 1920 dudum
1873 1898 1985 1920 coram

113 1947 210 1982 nohis
247 1947 358 1981 oblato
401 1950 596 1993 responsuri
635 1951 665 1980 et
704 1947 765 1980 alia
805 1946 924 1980 ibidem
964 1946 1093 1987 facturi.
1124 1946 1298 1991 allegaturi
1328 1951 1359 1980 et
1388 1950 1568 1993 recepturi.
1599 1959 1662 1993 que
1692 1947 1814 1981 fuerint
1845 1948 1885 1981 de
1911 1949 1988 1992 jure

116 2009 270 2043 facienda
300 2013 331 2042 et
360 2009 566 2054 recipienda,
597 2008 677 2041 alias
707 2010 853 2053 ipsorum
885 2010 1093 2040 contumacia
1124 2018 1183 2040 seu
1213 2007 1369 2041 absencia
1408 2019 1474 2041 non
1511 2007 1664 2042 obstante
1699 2020 1760 2042 nos
1798 2011 1909 2054 utique
1948 2008 1988 2042 ad

115 2070 273 2103 ulteriora
302 2069 537 2115 procedemus.
569 2068 664 2102 Diem
695 2073 804 2102 autem
834 2072 948 2102 vestre
979 2071 1196 2101 execucionis
1226 2067 1343 2111 fidelise
1374 2080 1436 2114 qua
1468 2069 1519 2102 dic
1549 2071 1639 2114 ipsos
1669 2072 1855 2102 citaveritis
1893 2068 1988 2102 nobis

116 2129 327 2177 presentibus
360 2133 482 2164 vestris
511 2130 628 2175 sigillis
658 2134 689 2163 et
719 2134 909 2163 vestrorum
941 2132 1098 2162 noniinun
1129 2128 1381 2174 subscripcione
1411 2129 1603 2174 significare
1633 2130 1857 2176 presentibus.
1893 2133 1987 2175 penis

117 2190 176 2226 sub
205 2191 364 2237 predictis
399 2202 518 2224 curare
548 2190 707 2224 debeatis.
739 2190 858 2224 Datum
889 2190 1111 2223 Zabrdowicz
1143 2193 1302 2223 vicesima
1332 2192 1435 2235 prima
1475 2190 1526 2223 die
1563 2193 1685 2223 mensis
1726 2190 1861 2235 Aprilis,
1901 2201 1988 2223 anno

118 2252 240 2287 domini
270 2252 445 2286 millesimo
476 2254 712 2285 trecentesimo
742 2254 963 2295 nonagesimo
994 2253 1109 2284 tercio.

431 2466 505 2502 (Ans
530 2469 592 2494 ‹lo-in
618 2469 696 2501 orig.
723 2469 750 2494 in
776 2469 825 2493 der
853 2466 1046 2494 }3‹›s›ek'sct.··11
1073 2469 1133 2496 512.
1161 2478 1186 2497 ιι,
1214 2469 1294 2493 :fillo
1322 2468 1357 2493 ini
1383 2469 1472 2494 iniilir.
1501 2468 1759 2501 hamtesarchive.)
