2313 3090
1012 199 1080 233 181

114 311 197 342 sium
218 308 380 340 moravici
409 307 598 351 pagamenti
620 308 652 337 et
672 306 813 345 numeri.
835 304 991 338 videlicet
1010 307 1186 349 sexaginta
1207 314 1347 348 grossos
1367 314 1427 349 pro
1448 314 1561 337 marca
1582 302 1727 348 qualibet
1747 302 1983 348 computando.

116 379 196 414 quas
207 369 314 401 eciam
326 369 484 412 pecunias
501 368 532 398 in
549 365 693 399 ecclesie
709 370 823 398 nostre
840 365 1028 398 evidentem
1047 369 1079 398 ut
1094 367 1293 410 premittitur
1308 367 1543 398 necessitatem
1561 366 1799 398 convertimus.
1815 363 1879 396 Pro
1896 374 1984 408 qua—

115 439 186 462 rum
207 427 338 473 quidem
359 429 575 472 pecuniarum
595 426 768 459 solucione
797 425 892 459 nobis
922 430 953 458 et
983 425 1126 459 ecclesie
1156 430 1270 459 nostre
1300 424 1516 459 Olomucensi
1543 436 1609 459 non
1637 425 1792 458 volentes
1821 425 1915 458 aliter
1945 424 1985 458 de

116 488 265 522 remedio
302 487 495 533 providere,
534 486 629 519 dictis
668 485 818 519 fidelibus
857 488 978 519 nostris
1015 485 1161 519 Johanni
1199 490 1231 519 et
1267 486 1420 519 NVancze
1458 488 1556 519 uxori
1593 497 1653 520 sue
1688 486 1836 530 legitime
1882 488 1913 518 in
1953 490 1984 518 et

117 561 217 595 super
254 548 351 582 bonis
387 550 510 582 nostris
544 549 754 592 nuncupato,
793 546 1012 591 quadraginta
1038 546 1142 580 laneis
1171 546 1211 580 ad
1241 549 1410 581 civitatem
1439 551 1586 581 nostram
1617 545 1851 580 Czwittaviam
1880 557 1984 591 spec-

117 609 272 651 tantibus,
309 608 529 654 quadraginta
569 618 699 640 marcas
735 618 932 651 grossorum
971 607 1196 652 predictorum
1240 610 1433 653 pagamenti
1476 612 1508 641 et
1550 610 1681 641 numeri
1723 618 1844 641 census
1887 609 1986 640 annui

86 702 98 706 ,
117 670 340 713 vendidimus.
371 669 603 714 deputavimus
633 672 666 701 et
694 670 956 712 assignavimus,
986 667 1173 711 vendimus,
1204 668 1401 713 deputamus
1431 672 1462 701 et
1492 668 1532 702 de
1561 672 1652 701 certa
1689 672 1803 702 nostra
1841 670 1986 701 sciencia

117 736 234 765 tenore
263 733 475 777 presencium
505 732 727 773 assignamus,
758 728 915 762 videlicet
942 731 1060 773 viginti
1090 739 1221 761 marcas
1250 739 1351 774 super
1379 728 1465 762 festo
1494 731 1600 762 sancti
1631 728 1769 773 Georgii
1799 733 1831 762 et
1868 730 1987 772 viginti

119 802 251 826 marcas
279 801 382 837 super
410 789 496 824 festo
526 791 632 823 sancti
662 788 757 822 Galli.
815 788 921 830 Quem
952 800 1088 822 censum
1118 800 1262 822 annuum
1292 789 1512 835 quadraginta
1542 801 1730 823 marcarum
1760 800 1862 835 super
1898 800 1988 834 quo-

120 852 198 888 libet
228 854 371 886 termino
401 851 496 885 dictis
525 849 670 884 Johanni
700 854 731 883 et
760 850 913 883 Wancze
943 852 1041 883 uxori
1070 852 1141 883 eius
1170 850 1210 883 ad
1240 854 1391 895 tempora
1421 853 1490 883 vite
1519 861 1578 884 sue
1608 854 1640 883 et
1669 849 1844 884 cuiuslibet
1873 860 1987 884 eorum

119 915 211 956 dare,
248 912 384 947 solvere
428 916 460 945 et
498 922 572 945 cum
608 909 727 944 effectu
757 915 953 956 presentare
982 921 1042 956 pro
1072 909 1168 943 nobis
1197 914 1230 943 et
1257 910 1512 944 successoribus
1542 914 1664 945 nostris
1694 913 1861 956 episcopis
1901 910 1988 945 Olo-

120 973 333 1009 mucensibus
370 984 430 1019 pro
468 977 619 1018 tempore
657 970 877 1004 existentibus
906 970 992 1004 bona
1022 970 1086 1004 fide
1115 970 1241 1016 absque
1270 970 1388 1004 fraude
1416 982 1476 1017 per
1505 975 1680 1017 presentes
1708 974 1929 1017 promittimus
1959 975 1991 1004 et

122 1035 324 1081 spondemus
353 1036 387 1067 in
415 1035 551 1067 civitate
580 1036 694 1066 nostra
725 1031 977 1065 Czwiuaviensi
1007 1032 1183 1074 dilacione,
1213 1032 1450 1073 diminucione7
1480 1035 1663 1065 renitencia
1694 1037 1726 1065 et
1746 1032 1990 1078 impedimentis

120 1095 373 1141 quibuscunque
402 1092 624 1136 cessantibus,
654 1092 809 1137 quamdiu
839 1092 925 1125 idem
956 1092 1127 1126 Johannes
1157 1098 1187 1126 et
1218 1092 1352 1126 Wanka
1382 1093 1437 1126 vel
1467 1093 1550 1126 alter
1570 1104 1614 1126 ex
1634 1096 1713 1139 ipsis
1734 1096 1835 1126 vitam
1858 1093 1991 1126 duxerit

119 1159 152 1190 in
187 1155 351 1189 humanis.
408 1154 584 1199 Postquam
625 1156 730 1186 eciam
761 1152 858 1186 ambo
889 1154 952 1186 duo
982 1152 1022 1186 ab
1053 1153 1115 1186 bac
1145 1156 1212 1186 vita
1242 1156 1473 1197 migraverint.
1503 1159 1628 1187 extunc
1656 1154 1807 1199 predicte
1836 1154 1988 1198 quadra-

120 1219 211 1262 ginta
249 1226 363 1249 marce
401 1226 523 1248 census
559 1217 658 1248 annui
697 1218 727 1247 ut
773 1214 940 1259 prefertur
983 1217 1090 1247 statim
1135 1214 1175 1247 ad
1213 1225 1274 1247 nos
1313 1219 1345 1247 et
1382 1225 1601 1248 successores
1638 1218 1772 1249 nostros
1812 1217 1990 1260 episcopos

121 1276 364 1312 Olomucenses
394 1280 427 1309 et
455 1275 678 1322 episcopalem
709 1286 857 1308 mensam
888 1274 992 1308 libere
1021 1278 1246 1308 revertantur.
1303 1274 1459 1308 Ceterum
1489 1275 1566 1308 dicti
1594 1275 1766 1308 Johannes
1796 1279 1829 1308 et
1856 1274 1991 1308 Wanka

121 1337 275 1383 quamdiu
312 1339 473 1379 vixerint,
512 1335 633 1369 debent
671 1334 797 1368 habere
824 1347 920 1368 miani
957 1335 1090 1368 domum
1127 1338 1159 1368 in
1198 1335 1282 1368 dicta
1322 1340 1434 1369 nostra
1465 1338 1599 1369 civitate
1630 1335 1894 1378 Czwittaviensi.
1924 1337 1992 1369 suis

123 1403 231 1432 tamen
262 1400 412 1443 pecuniis
442 1396 714 1442 comparandam,
745 1395 785 1428 ab
815 1399 903 1429 omni
934 1399 1119 1429 exaccione
1150 1400 1180 1429 et
1209 1395 1462 1429 contribucione
1492 1396 1630 1430 liberam
1652 1401 1683 1429 et
1704 1399 1734 1429 in
1756 1397 1849 1430 silvis
1870 1399 1992 1430 nostris

123 1470 228 1505 prope
266 1457 499 1492 Czwittaviam
540 1457 629 1502 ligna
668 1468 727 1502 pro
764 1456 894 1490 edificio
929 1456 1045 1490 damus
1084 1461 1116 1490 et
1154 1460 1259 1490 eciam
1296 1457 1335 1489 ad
1358 1456 1620 1490 comburendum
1642 1468 1734 1490 suain
1757 1460 1992 1491 necessitatem

122 1530 306 1564 congruam
337 1523 368 1552 et
397 1521 502 1552 eciam
533 1521 688 1564 optimam
719 1521 880 1563 excipere
910 1520 981 1550 sine
1010 1522 1122 1550 nostra
1152 1522 1184 1550 et
1213 1518 1431 1551 olliciatorum
1464 1522 1651 1551 nostrorum
1683 1518 1993 1551 Czwittaviensium

124 1591 184 1627 pro
222 1584 373 1625 tempore
408 1582 629 1613 existencium
667 1578 897 1624 prohibicione
936 1589 1132 1623 quacunque
1176 1583 1205 1611 et
1253 1578 1490 1623 impedimento
1534 1578 1678 1623 quolibet
1723 1590 1788 1612 non
1831 1578 1994 1612 obstante.

125 1640 291 1674 Premissa
330 1643 440 1674 omnia
480 1644 511 1673 et
546 1640 674 1684 singula
715 1644 811 1684 prout
840 1642 992 1684 superius
1022 1643 1240 1684 expressatur
1269 1639 1364 1672 dictis
1393 1638 1536 1672 Johanni
1567 1644 1596 1671 et
1627 1639 1780 1673 Wancze
1810 1642 1907 1672 uxori
1937 1650 1995 1672 sue

124 1711 255 1735 necnon
294 1701 333 1735 ad
364 1712 480 1734 eorum
510 1700 625 1734 fideles
656 1712 771 1734 manus
801 1703 944 1733 strenuis
973 1702 1054 1733 viris
1084 1699 1217 1732 domino
1247 1699 1413 1733 Dluliomil
1444 1700 1484 1732 de
1514 1699 1665 1733 llossicz.
1697 1700 1829 1733 domiuo
1861 1699 1996 1733 Sdenka

127 1759 202 1808 (sic)
232 1761 272 1795 de
301 1761 517 1805 Krzizanow,
547 1760 683 1795 Jesconi
713 1761 888 1795 Blasnicze
918 1761 958 1793 de
987 1760 1146 1793 Reiczan.
1176 1759 1359 1793 wilhelmo
1390 1760 1429 1793 de
1460 1760 1670 1793 Sowiscliicz
1701 1765 1731 1793 et
1761 1760 1859 1793 Petro
1885 1761 1997 1794 advo-

72 1829 77 1835 ·
126 1827 200 1857 cato
216 1825 246 1856 in
264 1822 425 1856 Hoenstat
446 1825 666 1868 promittimus
683 1822 767 1855 bona
790 1822 852 1854 lide
874 1833 932 1867 pro
950 1820 1045 1854 nobis
1062 1825 1090 1853 et
1110 1820 1362 1853 successoribus
1384 1823 1505 1853 nostris
1522 1823 1688 1866 episcopis
1706 1821 1996 1863 01‹›mucens1bus‚

127 1886 179 1929 qui
209 1894 269 1929 pro
299 1887 451 1929 tempore
480 1883 612 1916 fuerint.
643 1882 782 1916 tirmiter
811 1887 839 1915 et
872 1881 1107 1915 inviolabiliter
1128 1880 1326 1914 observare.
1384 1881 1419 1914 ln
1441 1892 1579 1925 quorum
1603 1884 1826 1915 ufstimonium
1848 1887 1996 1915 nostrum

129 1943 271 1989 sigillum
302 1955 364 1977 una
395 1955 469 1977 cum
499 1944 607 1988 sigillo
638 1944 770 1988 capituli
801 1946 904 1976 nostri
936 1942 1169 1975 (lisiniacensis
1199 1942 1239 1974 de
1269 1946 1359 1975 certa
1390 1946 1502 1975 nostra
1533 1945 1677 1975 sciencia
1710 1942 1920 1987 presentibus
1950 1948 1997 1976 est

128 2015 322 2051 appensum.
380 2004 421 2038 Et
449 2016 510 2038 nos
540 2005 696 2038 Andreas
727 2005 873 2038 decanus
903 2016 942 2036 ae
972 2003 1147 2048 capitulum
1179 2003 1323 2036 ecclesie
1361 2003 1594 2037 Olomucensis
1631 2003 1780 2048 predicte
1808 2004 1996 2037 vendicioni

131 2066 349 2112 quadraginta
380 2077 567 2099 marcarum
602 2077 723 2099 census
753 2069 852 2098 annui
884 2069 912 2097 et
943 2067 1133 2110 rerepcioni
1164 2067 1378 2109 pecuniarum
1411 2064 1567 2097 videlicet
1587 2064 1802 2098 ducentarum
1825 2069 1857 2097 et
1877 2069 1999 2097 octua-

131 2130 222 2172 ginta
253 2137 440 2160 marcarum
471 2131 568 2171 prout
597 2137 713 2169 censu,
744 2129 825 2159 sicut
857 2128 1066 2171 premittitur.
1099 2127 1331 2157 consensimus
1362 2129 1393 2157 et
1421 2123 1632 2169 presentibus
1662 2128 1889 2158 consentimus
1910 2137 1948 2158 ac
1969 2128 1999 2158 in

133 2189 354 2221 testimonium
386 2189 627 2232 premissorum
663 2191 837 2231 presentes
874 2186 987 2219 literas
1026 2185 1134 2229 sigillo
1165 2190 1278 2218 nostro
1309 2197 1381 2218 cnm
1413 2186 1521 2222 sigillo
1551 2186 1673 2219 domini
1704 2191 1733 2218 et
1766 2189 1867 2230 patris
1896 2189 1999 2219 nostri

134 2248 255 2281 domini
295 2246 423 2281 Nicolai
461 2250 609 2293 episcopi
649 2247 883 2280 Olomucensis
920 2247 960 2279 dc
999 2251 1089 2279 certa
1127 2250 1237 2279 nostra
1269 2249 1413 2279 sciencia
1445 2246 1585 2279 ferimus
1615 2249 1824 2280 communiri.
1881 2247 2000 2280 Datum

136 2307 299 2341 Olomucii
330 2319 416 2342 anno
447 2308 570 2341 domini
601 2306 756 2342 MOCCC0
786 2310 1007 2351 nonagesimo
1038 2312 1167 2351 quarto.
1200 2306 1281 2339 feria
1313 2309 1414 2339 tercia
1445 2311 1516 2351 post
1549 2307 1633 2339 diem
1664 2306 1800 2351 pasche.

450 2486 525 2527 (Ans
551 2490 612 2515 dem
640 2490 874 2524 Lebensquntern
903 2490 940 2516 lI.
967 2490 1017 2518 fol,
1045 2492 1094 2518 δ’δ’,
1121 2490 1155 2514 in·
1181 2489 1331 2516 fiirsterzl),
1357 2489 1481 2514 Areliix‘e
1507 2489 1533 2514 iu
1560 2486 1731 2526 Kremsier.)
