2313 3090
1238 198 1285 231 40

333 309 398 339 wir
426 306 478 339 fur
506 317 567 339 uns
596 306 659 339 und
692 306 743 338 sur
772 305 811 338 all
842 316 942 337 unser
972 303 1074 336 erben
1104 302 1167 336 und
1198 302 1409 337 nachkornen
1439 306 1469 336 in
1500 303 1563 337 den
1592 303 1683 337 brief
1707 315 1746 337 ze
1767 306 1875 337 einem
1896 315 2014 338 woren
2040 303 2190 337 urkunde

334 367 392 400 ‹ler
430 367 508 400 sach
548 367 753 410 versigelten
793 369 846 398 mit
878 366 936 397 der
966 368 1199 408 vorgonanten
1229 375 1331 397 unser
1368 368 1431 397 stat
1460 375 1498 397 ze
1523 363 1663 405 Brunne
1691 364 1915 409 angebangen
1945 365 2066 409 insigil.
2123 365 2192 398 Der

334 426 442 463 geben
473 430 512 460 ist
540 426 624 460 nach
656 426 776 459 Christi
806 424 956 469 gepurde
986 423 1320 457 dreuzehenliundert
1347 425 1402 467 jar
1431 424 1577 457 darnach
1606 427 1637 458 in
1668 424 1741 458 dem
1777 427 1848 458 eins
1877 425 1941 458 und
1972 428 2192 469 neunzigsten

329 489 382 530 jar
412 498 451 520 an
482 487 563 520 aller
592 487 736 523 heiligen
768 485 878 518 abent.

658 592 715 616 Ans
740 591 801 614 ·l·'111
827 589 921 614 (halex
948 599 974 616 11.
1003 590 1072 615 137,
1099 589 1149 615 fol.
1177 590 1192 614 ⁴2
1212 589 1247 613 1111
1266 590 1396 615 Briinuer
1413 588 1623 617 Stadtarcliive,
1648 590 1821 623 Mitgetneiit
1840 599 1866 617 v.
1885 590 2050 615 Stadtrathe
2071 590 2192 624 Keller)

1228 708 1304 743 51.

337 787 524 831 Jlarlrfsraf
560 786 671 820 Jodot·
714 786 853 819 sehenlrt
899 786 970 819 dem
1024 785 1168 819 Wenz-el
1208 796 1272 818 1·οη
1318 785 1492 830 Doloplaz-
1528 787 1602 820 400
1639 786 1741 820 Marlc
1778 788 1819 819 im
1858 786 1971 830 Dorfe
2006 786 2192 831 Doloplaz.

914 846 970 879 Dt.
1003 845 1186 890 Spielbery
1218 846 1248 880 1.
1282 846 1475 880 November
1506 846 1615 881 1391.

488 922 656 976 Jodocus
687 943 738 976 dei
767 946 881 987 gracia
913 942 1061 975 marchio
1091 942 1440 987 Brandenburgensis.
1471 946 1557 976 sacri
1574 942 1714 976 Romani
1736 946 1865 988 imperii
1893 942 2194 977 archicamerarius

334 1003 481 1037 marchio
520 1009 551 1037 et
589 1004 740 1037 dominns
775 1003 940 1037 Moravie.
997 1002 1119 1036 Notum
1158 1003 1297 1037 facimus
1336 1008 1452 1037 tenore
1481 1006 1691 1049 presencium
1721 1006 1901 1046 universis,
1935 1003 2020 1049 quod
2050 1006 2196 1049 pensatis

333 1064 482 1097 fidelibus
512 1064 680 1108 obsequiis
711 1066 837 1097 strenui
870 1064 1064 1098 wenceslai
1095 1065 1136 1099 de
1166 1064 1337 1110 Doloplas
1367 1064 1484 1109 quibus
1514 1068 1628 1097 nostre
1659 1064 1818 1097 voluntati
1847 1075 1865 1096 a
1887 1064 1995 1097 multis
2020 1066 2195 1097 retroactis

333 1124 536 1170 temporibus
575 1124 708 1169 placere
748 1125 869 1158 studuit
908 1129 940 1157 et
978 1128 1008 1158 in
1037 1129 1207 1170 posterum
1238 1124 1392 1169 studebitff
1428 1125 1562 1171 speciali
1593 1125 1787 1158 donacionis
1816 1127 1930 1169 gracia
1961 1135 2022 1170 pro
2051 1126 2195 1170 peractis

332 1188 485 1219 serviciis
514 1185 609 1230 plena
640 1196 740 1230 super
770 1185 833 1218 hoc
864 1185 1112 1219 deliberacione
1142 1185 1251 1218 habita
1282 1190 1479 1230 maturoque
1509 1185 1647 1219 consilio
1673 1188 1751 1218 moti
1773 1185 1923 1218 dedimus
1945 1190 1977 1218 et
1997 1185 2196 1218 contulimus

333 1245 515 1290 harumque
553 1249 640 1279 serie
679 1246 827 1291 plenarie
863 1246 1092 1280 condonamus
1116 1246 1246 1292 prefato
1276 1246 1495 1289 VVenceslaQ
1533 1250 1601 1280 suis
1632 1244 1811 1279 heredibus
1841 1250 1872 1279 et
1905 1257 1964 1279 sue
1993 1248 2196 1291 posteritatis

332 1305 584 1339 successoribus
623 1306 884 1351 quadringentas
924 1318 1054 1340 marcas
1092 1318 1288 1351 grossorum
1327 1306 1492 1341 honorum
1531 1312 1563 1341 et
1601 1311 1839 1351 argenteorum
1878 1309 1909 1339 in
1939 1311 2088 1352 pretacta
2117 1306 2195 1340 villa

332 1367 491 1412 Doloplas
530 1370 560 1400 in
600 1366 752 1400 omnibus
791 1367 998 1412 singulisque
1031 1367 1070 1401 ad
1103 1367 1188 1401 hanc
1227 1370 1441 1412 pertinenciis
1471 1370 1503 1401 in
1532 1378 1648 1401 veram
1680 1371 1712 1400 et
1741 1366 1878 1400 liberam
1909 1365 2071 1400 hactenus
2102 1370 2135 1400 et
2162 1369 2193 1400 in

332 1432 526 1473 perpetuum
557 1427 789 1463 hereditatem.
820 1431 1070 1473 possessionem
1102 1433 1134 1461 et
1162 1433 1259 1474 prout
1288 1439 1402 1461 eorum
1434 1428 1594 1473 placuerit
1623 1427 1783 1460 voluntati
1812 1426 2062 1472 providensque
2088 1429 2195 1460 visum

332 1488 429 1521 fuerit
467 1491 497 1521 in
536 1499 614 1521 usus
652 1492 865 1522 necessarios
904 1492 1176 1531 conversionem,
1214 1489 1336 1522 nullum
1371 1500 1472 1534 super
1510 1489 1571 1522 hiis
1609 1487 1704 1521 bonis
1734 1499 1793 1533 per
1821 1499 1883 1521 nos
1912 1498 2197 1532 successoresque

332 1553 465 1582 nostros
502 1548 663 1582 habentes
702 1549 970 1595 impedimentum
1010 1549 1068 1583 sed
1112 1552 1218 1594 magis
1257 1552 1482 1595 proteccionis
1528 1549 1685 1582 auxilium
1724 1553 1756 1581 et
1793 1548 1946 1582 effectum
1985 1548 2196 1581 adiuvamen.

333 1609 545 1643 Presencium
577 1609 636 1642 sub
666 1613 770 1643 nostri
800 1610 897 1655 sigilli
928 1613 1133 1655 appensione
1163 1612 1351 1643 testimonio
1382 1610 1564 1643 literarum.
1621 1609 1739 1642 Datum
1772 1608 1929 1654 Spilberg
1958 1619 2045 1642 anno
2075 1608 2198 1642 domini

335 1670 507 1703 millesimo
552 1673 787 1704 trecentesimo
832 1674 1052 1716 nonagesimo
1095 1674 1201 1716 primo
1244 1670 1326 1704 feria
1366 1674 1480 1716 quarta
1521 1675 1595 1715 post
1630 1674 1820 1703 sanctoruni
1860 1668 2006 1702 Simonis
2046 1673 2077 1703 et
2114 1668 2199 1702 Jude

334 1731 572 1776 apostolorum.
1999 1731 2004 1735 '

645 1835 735 1869 (Orig.
768 1837 851 1870 Pei-g.
885 1836 911 1860 h.
937 1836 995 1868 Sig.
1029 1836 1193 1869 alig-crissen
1227 1837 1262 1862 im
1288 1837 1413 1862 Archive
1437 1837 1487 1862 des
1512 1835 1846 1861 Dominikanerklosters
1871 1835 1898 1860 111
1924 1835 2049 1862 (nmutz.
2074 1849 2116 1854 —-
2139 1833 2199 1860 Auf

540 1887 588 1912 dei·
617 1888 760 1913 l’lientur:
788 1888 830 1912 De
857 1888 992 1913 mandato
1018 1888 1124 1913 domini
1150 1889 1324 1914 marchionis
1349 1888 1456 1923 Hynko
1482 1887 1636 1922 notarius.)

1224 2008 1299 2043 52.

337 2084 435 2117 Peter
467 2097 528 2117 ron
561 2085 703 2118 lsi-arai·
730 2087 876 2129 yrilmlet
907 2087 970 2119 [la-s·
999 2086 1541 2130 Auqustiner—(Vtar-herremlisl
1571 2087 1602 2118 ῖη
1635 2085 1809 2119 Prossuitz-
1835 2085 1902 2119 111111
1930 2084 2056 2129 beqabt
2086 2096 2122 2118 es
2143 2086 2200 2118 mil

675 2138 678 2140 ’
823 2148 961 2181 (infern.
996 2146 1052 2181 Dt.
1086 2147 1273 2180 l’lumemm
1307 2146 1336 2181 Ι.
1369 2146 1562 2180 November
1595 2145 1703 2180 1391.

493 2222 533 2274 Ι11
565 2245 697 2275 nomine
727 2243 850 2276 domini
881 2254 990 2276 amen.
1022 2243 1105 2276 Dum
1137 2242 1282 2276 humane
1313 2247 1429 2276 nature
1460 2245 1619 2276 rimamur
1647 2244 1785 2275 incerta.
1817 2241 1891 2274 (111111
1914 2240 2110 2275 collabentis
2129 2242 2197 2274 vite

336 2304 461 2334 ruinani
492 2305 726 2347 conspicimus.
770 2304 844 2336 dum
884 2306 1070 2336 certissime
1110 2306 1225 2337 mortis
1256 2306 1537 2349 apropinquantes
1567 2302 1736 2335 molestias
1767 2304 1943 2336 intuemur.
1977 2300 2130 2347 profecto
2159 2300 2197 2334 ad

336 2362 594 2395 considerandas
624 2369 737 2397 nostre
758 2367 826 2397 vite
856 2367 1003 2397 semitas.
1035 2364 1073 2397 ad
1096 2364 1344 2397 discucieuduui
1368 2364 1443 2405 leg-e.
1463 2366 1675 2397 consciencie
1697 2362 1853 2395 tenebras
1874 2366 1905 2395 et
1925 2362 1964 2396 ad
1987 2361 2199 2395 obtinendum

337 2422 485 2455 sax-orem
526 2427 707 2468 propicium
744 2426 821 2467 justi
857 2425 979 2468 judicis
1019 2425 1140 2458 domini
1181 2425 1231 2458 dei
1262 2428 1364 2458 nostri
1395 2427 1601 2464 argumentis
1630 2434 1695 2457 non
1727 2427 1789 2455 tam
1826 2422 2063 2467 probabilibus,
2103 2432 2200 2467 quam

337 2485 439 2514 eeiani
481 2484 518 2515 :ul
557 2495 689 2517 sensum
721 2485 1026 2519 demonstrantibus
1056 2489 1252 2520 animamur.
1293 2498 1332 2519 eo
1363 2486 1494 2530 quidem
1525 2485 1661 2518 sorcius.
1698 2494 1762 2528 quo
1794 2483 1835 2516 nil
1865 2483 1944 2516 latet
1967 2483 2089 2527 judicis
2119 2484 2196 2516 tanti

337 2546 503 2576 notu-iani.
543 2556 605 2588 quo
645 2550 762 2578 cuneta
801 2546 885 2579 nuda
925 2551 996 2579 sunt
1037 2547 1141 2579 oeulis
1183 2550 1265 2580 eius.
1306 2558 1369 2591 quo
1405 2557 1464 2579 sue
1502 2547 1656 2591 potencie
1695 2544 1793 2577 nieliil
1825 2547 1885 2577 est.
1925 2543 2011 2588 quod
2041 2545 2201 2577 resistere

338 2602 443 2635 valeat
477 2608 594 2647 qumis
626 2607 734 2639 inodo.
768 2606 896 2640 Idcirco
927 2618 986 2640 nos
1018 2607 1133 2639 Petrus
1164 2607 1203 2639 de
1234 2607 1375 2640 t‘rawar
1404 2607 1556 2639 (lominus
1588 2608 1617 2638 in
1649 2604 1820 2638 l'luninaw
1853 2609 1970 2637 tenore
1990 2605 2199 2649 presencium

338 2667 611 2699 r1*Cs)'-¹¹to<‹*iiiltts
652 2669 828 2700 universis.
869 2668 954 2712 qnod
996 2668 1037 2700 ob
1074 2668 1257 2701 remedium
1298 2670 1407 2700 anime
1447 2671 1560 2700 nostre
1599 2670 1696 2710 atque
1726 2668 1842 2698 uxoris
1877 2669 1990 2698 nostre
2020 2663 2201 2697 Katharine
