2313 3090
1005 203 1077 237 125

108 307 273 355 prioribus
302 307 450 341 articulis
479 312 511 340 et
539 306 766 353 posicionibus
796 310 871 341 totis
901 308 1028 342 viribus
1070 307 1236 342 adherere
1281 312 1311 341 et
1355 307 1438 342 tales
1479 307 1668 341 huiusmodi
1711 307 1869 341 articulos
1907 310 1976 341 suis

106 369 188 403 locis
217 373 249 402 et
277 373 428 414 tempore
457 367 632 413 ponendos
662 371 695 400 et
723 368 959 402 articulandos.
991 369 1045 402 vel
1074 372 1107 402 i11
1136 368 1325 402 huiusmodi
1354 371 1496 402 termino
1536 367 1734 414 prefigendo
1763 367 1911 414 partibus
1935 368 1975 401 ad

106 428 296 476 ponendum
326 433 359 462 et
386 428 628 462 articulandum
657 439 750 461 ream
779 432 909 474 partem
939 428 1046 462 verbo
1075 429 1131 463 vel
1160 432 1192 463 in
1221 431 1352 475 scriptis
1382 429 1531 474 allegare
1561 431 1662 462 certis
1692 433 1724 462 et
1753 428 1976 462 racionabiles

106 500 236 533 causas,
267 500 326 523 cur
355 494 387 523 et
417 500 520 534 quare
549 488 632 522 tales
661 491 854 534 posiciones
874 493 905 522 et
926 490 1054 523 articuli
1076 490 1115 523 ad
1137 489 1345 535 probandum
1365 489 1452 523 bene
1473 495 1505 524 et
1525 489 1731 524 sufficienter
1750 493 1976 524 intencionem

107 561 200 585 suam
229 561 274 584 ex
293 549 578 596 superhabundati
608 549 771 595 producti.
802 549 928 583 admitti
949 552 979 583 in
1005 550 1131 594 judicio
1162 553 1295 584 minime
1316 550 1459 584 debeant
1479 554 1534 584 aut
1564 555 1749 584 teneantur.
1781 550 1831 584 De
1857 550 1975 596 quibus

106 610 317 658 presentibus
344 614 550 656 protestatur
578 613 625 644 sic
656 613 790 653 etenim,
821 610 908 655 quod
933 622 1032 644 omne
1050 613 1104 655 jus
1124 623 1218 645 suum
1240 612 1369 645 salvum
1390 616 1585 657 permaneat
1607 615 1774 657 integrum
1795 616 1827 646 et
1847 612 1974 646 illesum

68 700 80 705 ,
107 674 339 718 procuratorio
368 674 503 705 nomine
533 682 597 716 quo
627 682 739 717 supra.

418 784 491 819 (Aus
515 784 579 810 dem
604 784 682 819 Orig.
708 785 735 810 iu
760 785 809 811 der
833 785 1027 811 Boeek'schen
1053 785 1111 819 sig.
1137 796 1164 813 n.
1193 787 1273 811 3116
1300 787 1336 811 im
1361 795 1396 814 ιιι,
1424 787 1705 820 Laudes-Areliive.)

998 957 1100 992 137.

109 1035 179 1069 Die
213 1035 362 1080 Pfarrer
397 1034 548 1077 Bokdal,
582 1034 709 1075 Jauko„
746 1034 900 1068 Miehael
929 1035 997 1068 und
1027 1035 1141 1079 Geory
1170 1034 1344 1077 erklaren,
1375 1036 1456 1069 dass
1483 1037 1534 1069 sie
1565 1037 1629 1069 den
1662 1036 1879 1070 ahma-itaer
1908 1036 1979 1071 Abt

107 1096 295 1130 Jaroslaus
335 1097 370 1129 in
406 1096 480 1129 dem
516 1095 683 1129 zwisalten
721 1095 821 1129 ihnen
862 1096 928 1129 med
957 1096 1018 1129 cleu
1049 1095 1265 1129 Altbrt‘c'lmer
1296 1096 1519 1130 Kreuz-lcerrn
1551 1097 1769 1141 ‹zulm‘uffl'qen
1810 1097 1980 1131 Processe

109 1156 202 1190 m'clzt
229 1156 282 1190 als
311 1159 547 1201 competentem
578 1156 722 1190 Richter
751 1156 953 1190 bea-afletan,
981 1156 1114 1190 konnen
1147 1157 1214 1190 und
1243 1169 1286 1190 αη
1318 1158 1380 1190 den
1409 1157 1627 1202 pcipstlichen
1649 1157 1751 1191 Stalai
1770 1159 1977 1202 appelliren.

831 1217 888 1251 Dt.
922 1217 979 1252 14.
1011 1217 1116 1262 April
1146 1216 1256 1251 1393.

265 1294 407 1348 Coram
438 1313 535 1348 vobis
564 1313 750 1348 venerabili
781 1319 873 1360 patre.
904 1314 1037 1348 domino
1067 1313 1220 1348 Jaroslao
1251 1313 1370 1348 abbate
1398 1314 1676 1349 Zabrdowieensi
1705 1327 1766 1349 nos
1795 1315 1978 1350 Bohdalus.

109 1373 231 1417 Janko,
260 1373 441 1417 Michahel,
473 1373 653 1419 Georgius,
684 1386 849 1420 pauperes
879 1374 1011 1420 plebani
1039 1385 1106 1408 non
1149 1379 1314 1420 tamquam
1345 1386 1459 1408 coram
1485 1376 1599 1419 judice.
1629 1376 1687 1409 sed
1716 1375 1916 1419 venerabili,
1947 1381 1979 1410 ut

110 1433 289 1481 prefertur,
318 1439 413 1481 patre
442 1440 678 1481 comparentes
707 1438 923 1481 proponimus
941 1440 972 1469 et
1001 1435 1140 1469 dicimus
1170 1447 1244 1470 cum
1275 1437 1423 1482 querela.
1447 1448 1544 1482 quam
1566 1437 1686 1471 nullam
1705 1438 1979 1482 jurisdiccionem

109 1499 142 1530 in
170 1506 231 1530 nos
251 1495 293 1529 ad
321 1498 517 1530 instanciam
548 1496 671 1530 domini
700 1495 829 1530 Nicolai
859 1496 1015 1530 cruciferi
1045 1495 1177 1542 plebani
1206 1497 1246 1531 de
1276 1498 1423 1543 Antiqua
1454 1497 1565 1532 Bruna
1596 1498 1721 1532 habere
1751 1502 1889 1544 potestis
1918 1510 1982 1532 nec

112 1555 253 1601 habetis,
283 1559 358 1602 quia
387 1556 511 1591 nullum
543 1557 732 1590 mandatum
763 1557 801 1590 ad
834 1557 896 1591 hoc
927 1562 1037 1603 aptum
1067 1557 1211 1591 vidimus
1241 1563 1273 1592 et
1303 1559 1468 1601 videmus,
1499 1559 1557 1593 sed
1588 1559 1749 1604 quosdam
1780 1559 1920 1593 frivolos
1951 1564 1983 1593 et.

110 1617 290 1651 mendosos
329 1622 361 1651 et
395 1628 574 1663 perperam
613 1617 785 1651 confectos
824 1629 1004 1663 processus
1041 1622 1072 1651 et
1110 1621 1252 1664 iniquos,
1283 1630 1343 1665 per
1372 1631 1455 1665 quos
1479 1619 1754 1663 J'urisdiccionem
1785 1623 1817 1654 in
1847 1631 1919 1657 uos.
1949 1626 1983 1654 ut

110 1680 322 1723 premittitur,
352 1689 417 1711 non
439 1677 580 1712 habetis.
610 1677 714 1723 Igitur
735 1681 825 1724 ipsos
854 1683 885 1712 et
916 1683 1029 1712 vestra
1059 1679 1189 1724 singula
1219 1683 1417 1724 gravamina
1439 1685 1656 1725 vestrumque
1680 1681 1841 1725 jiidicium
1873 1682 1982 1715 decli-

111 1742 240 1782 nantes,
280 1749 393 1772 coram
434 1743 465 1772 te
499 1741 628 1772 notarie
664 1738 795 1785 publice
826 1739 878 1772 hic
917 1744 1074 1785 presente
1109 1740 1148 1773 ad
1188 1745 1337 1774 sanctam
1375 1741 1488 1775 sedem
1526 1742 1742 1787 apostolicam
1782 1745 1858 1776 vice
1888 1746 1982 1776 vocis

53 1829 59 1833 .
111 1798 248 1833 oraculo
286 1802 318 1833 in
357 1798 411 1833 dei
447 1802 582 1833 nomine
621 1799 825 1845 appellamus
863 1804 895 1833 et
923 1800 1093 1845 apostolos
1122 1800 1218 1834 uobis
1248 1801 1385 1835 decerni
1415 1805 1556 1847 petimus
1586 1807 1684 1847 atque
1714 1803 1785 1836 dari
1814 1808 1845 1836 et
1876 1806 1981 1849 ipsam

111 1859 374 1905 appellacionem
396 1863 502 1905 parati
530 1871 644 1893 sumus
674 1864 772 1893 nacto
802 1860 897 1893 nobis
927 1865 1078 1906 tempore
1107 1864 1139 1894 in
1168 1865 1291 1907 scripto
1321 1862 1443 1896 offerre
1473 1868 1505 1896 et
1534 1867 1638 1910 ipsam
1669 1868 1837 1899 insinuare
1867 1869 1982 1899 omni-

111 1918 184 1963 bus,
223 1930 363 1965 quorum
401 1922 541 1953 interest
580 1920 632 1954 vel
668 1923 832 1954 interesse
863 1924 983 1966 poterit
1013 1925 1045 1954 et.
1075 1924 1181 1954 eciam
1211 1922 1252 1955 de
1282 1927 1440 1968 expensis
1470 1927 1500 1957 in
1531 1924 1587 1958 lite
1616 1925 1712 1959 factis
1742 1937 1843 1972 super
1872 1929 1982 1960 omnia

111 1984 347 2026 protestantes,
377 1981 464 2026 quod
494 1983 598 2026 ipsam
628 1992 805 2026 possemus
829 1984 1016 2026 corrigere.
1048 1985 1222 2016 innovare.
1253 1984 1445 2018 emendare.
1469 1995 1595 2030 augere
1616 1986 1671 2019 vel
1692 1989 1797 2020 eciam
1820 1991 1981 2023 minuere,

112 2041 243 2086 quando
271 2040 440 2075 videbitur
469 2041 644 2086 expedire.

423 2155 497 2190 (Aus
521 2156 583 2181 dem
609 2156 688 2187 Orig.
714 2157 741 2181 iii
767 2156 816 2181 ‹lei-
842 2156 1035 2182 Bosvk'schon
1060 2156 1118 2187 Slg.
1145 2166 1172 2183 n.
1199 2157 1279 2182 :31105
1307 2157 1342 2182 im
1369 2159 1457 2186 ma'hr,
1484 2159 1741 2195 Laudesarchive.)

1000 2329 1102 2364 1:38.

116 2405 190 2439 Der
215 2405 428 2439 Obromz'tz-er
449 2405 519 2438 ΑΜ
546 2406 734 2440 Jaroslaus
763 2409 858 2440 eitirt
886 2408 941 2441 die
972 2408 1117 2452 Psarrer
1145 2408 1283 2441 Joleann
1314 2410 1345 2441 in
1378 2409 1588 2452 Bobrowlm,
1613 2412 1727 2454 (iem-gs
1749 2413 1779 2444 in
1806 2412 1896 2444 θύει·
1918 2415 1981 2445 etc.

418 2477 492 2498 com
521 2478 630 2500 neuen
663 2478 723 2501 cor
751 2469 825 2501 sein
859 2468 1007 2502 Gert'elaet.
1042 2467 1098 2501 Dt.
1133 2468 1306 2501 Obrowitz·
1337 2468 1396 2503 21.
1431 2470 1533 2514 April
1563 2470 1671 2505 1393.

270 2541 466 2595 Jaroslaus
505 2564 727 2596 miseracione
766 2563 877 2596 divina
908 2562 1010 2597 abbas
1041 2568 1234 2597 monasterii
1264 2563 1361 2597 beate
1391 2564 1496 2599 Mario
1528 2570 1668 2611 xirginis
1697 2567 1981 2602 Zabrtloxicensis

120 2633 224 2668 prope
254 2621 398 2655 Brunam
430 2622 554 2655 ordinis
584 2622 915 2665 Prcmonstratensis,
948 2624 1180 2658 Olomucensis
1211 2625 1365 2667 diocesis,
1398 2626 1502 2669 judex
1533 2632 1562 2659 et
1593 2634 1815 2662 conservator
1854 2641 1981 2674 perpe-

119 2686 192 2716 tuus
222 2694 284 2716 una
316 2694 389 2716 cum
420 2682 491 2716 aliis
522 2686 644 2716 nostris
674 2687 703 2716 in
739 2683 801 2717 liae
839 2689 933 2729 parte
972 2685 1110 2729 collegis
1144 2686 1265 2728 jurium
1306 2690 1338 2718 et
1376 2687 1628 2731 privilegiorum
1669 2688 1910 2722 honorabilium
1950 2695 1978 2722 et
