2313 3090
994 187 1041 220 97

86 282 255 331 decretum
286 297 341 329 vel
371 296 453 329 alias
482 293 731 339 quomodolibet
761 296 803 326 sit
832 304 1041 338 processum,
1072 290 1189 337 quibus
1219 289 1370 323 omnibus
1401 288 1542 322 eundem
1573 287 1762 321 Sanderum
1792 289 1824 320 in
1853 297 1954 320 asse-

86 361 226 392 cucione
264 357 489 403 predictorum
528 358 744 389 canonicatus
782 359 816 388 et
853 353 1024 398 prebende
1062 352 1217 386 volumus
1255 350 1428 386 anteferri.
1466 349 1523 383 sed
1563 348 1685 382 nullum
1724 359 1784 393 per
1813 347 1878 381 hoc
1906 350 1954 381 eis

86 419 194 464 quoad
233 421 486 452 assecucionem
526 419 780 450 canonicatuum
825 420 857 448 et
899 413 1144 460 prebendarum
1187 416 1242 445 aut
1284 410 1521 445 beneficiorum
1557 409 1696 442 aliorum
1736 408 1954 453 preiudicium

86 481 256 524 generari,
287 489 345 512 seu
376 480 403 511 si
431 480 590 523 episcopo
620 488 681 522 pro
711 480 861 521 tempore
891 477 1048 508 existenti
1078 479 1110 507 et
1139 473 1266 507 dilectis
1296 472 1369 506 filiis
1400 499 1406 505 .
1440 499 1445 505 .
1481 470 1625 516 capitulo
1655 469 1871 503 Olomucensi
1900 469 1954 503 vel

86 539 258 585 quibusvis
296 539 367 572 aliis
411 540 631 572 communiter
660 536 714 570 vel
744 536 872 569 divisim
904 548 920 568 a
952 536 1036 569 dicta
1067 535 1147 569 sede
1177 537 1217 568 sit
1246 533 1416 569 indultum.
1447 531 1532 577 quod
1563 531 1603 564 ad
1633 533 1869 576 recepcionem
1897 530 1952 564 vel

85 603 313 646 provisionem
354 599 491 633 alicuius
528 600 662 631 minime
703 601 877 631 teneantur
915 601 947 630 et
985 596 1023 629 ad
1063 596 1094 629 id
1133 594 1285 640 compelli
1325 598 1379 627 aut
1414 592 1500 638 quod
1530 591 1681 625 interdici
1710 591 1868 637 suspendi
1897 591 1951 624 vel

86 663 373 695 excommunicari
411 671 477 694 non
515 661 654 705 possint,
689 658 844 704 quodque
875 658 915 691 de
945 655 1195 690 canonicatibus
1225 660 1256 688 et
1284 654 1463 700 prebendis
1492 656 1594 699 ipsius
1623 653 1767 687 ecclesie
1797 652 1851 686 vel
1881 652 1952 686 aliis

85 720 257 755 beneficiis
286 721 536 763 ecclesiasticis,
554 720 592 753 ad
624 730 739 752 eorum
770 718 987 752 collacionem
1018 719 1246 763 provisionem
1276 717 1565 761 presentacionem
1597 725 1655 747 seu
1682 716 1835 759 quamvis
1855 713 1952 746 aliam

86 783 343 828 disposicionem
373 783 573 815 coniunctim
600 780 656 814 vel
685 782 864 825 separatim
894 777 1131 824 spectantibus,
1164 776 1240 810 nulli
1259 776 1367 810 valeat
1398 775 1567 821 provideri
1596 786 1656 820 per
1676 774 1789 807 literas
1810 778 1953 819 aposto-

85 843 166 877 licas
202 853 270 876 non
305 842 467 876 facientes
504 841 637 887 plenam
676 845 707 874 et
746 851 944 885 expressam
980 851 1020 872 ac
1058 838 1098 872 de
1135 837 1242 871 verbo
1279 837 1317 870 ad
1358 836 1497 871 verbum
1539 836 1579 869 de
1612 835 1736 869 indulto
1767 835 1954 868 huiusmodi

87 906 297 938 mencionem
327 908 357 936 et
387 902 533 948 qualibet
561 902 623 935 alia
654 901 740 935 dicte
770 901 859 935 sedis
888 900 1100 945 indulgencia
1129 898 1281 943 generali
1310 898 1365 932 vel
1394 898 1543 943 speciali,
1574 899 1801 941 cuiuscunque
1827 899 1954 929 tenoris

86 968 218 1007 existat‚
257 975 318 1010 per
356 975 452 1009 quam
490 961 702 1009 presentibus
732 974 797 995 non
829 972 1025 1007 expressam
1055 960 1110 994 vel
1141 959 1284 993 totaliter
1313 970 1379 992 non
1409 962 1567 992 insertam
1598 958 1735 991 effectus
1766 956 1954 990 huiusmodi

87 1027 203 1070 gracie
241 1025 393 1070 impediri
424 1024 533 1058 valeat
564 1022 811 1069 quomodolibet
843 1022 896 1055 vcl
926 1021 1041 1055 diferri
1071 1024 1103 1055 et
1132 1021 1172 1054 de
1203 1031 1265 1065 qua
1296 1023 1524 1065 cuiuscunque
1554 1023 1622 1053 toto
1652 1023 1769 1052 tenore
1799 1016 1952 1051 habenda

86 1089 127 1120 sit
154 1089 187 1119 in
215 1088 339 1120 nostris
368 1085 471 1119 literis
502 1087 632 1118 mencio
662 1083 829 1129 specialis:
860 1088 913 1116 aut
943 1085 969 1116 si
991 1082 1097 1116 dictus
1119 1081 1290 1115 Sanderus
1311 1092 1451 1126 presens
1472 1091 1537 1114 non
1559 1080 1657 1114 fuerit
1677 1079 1717 1112 ad
1738 1078 1952 1124 prestandum

87 1147 128 1181 de
164 1145 386 1181 observandis
424 1148 552 1179 statutis
591 1149 621 1178 et
661 1143 954 1178 consuetudinibus
993 1145 1094 1188 ipsius
1130 1141 1274 1175 ecclesie
1317 1144 1453 1175 racione
1483 1141 1645 1174 dictorum
1675 1142 1892 1174 canonicatus
1922 1143 1954 1172 et

87 1206 258 1253 prebende
287 1206 419 1240 solitum
449 1207 682 1248 iuramentum,
713 1204 891 1239 dummodo
921 1207 952 1237 in
982 1203 1139 1238 absencia
1168 1215 1227 1238 sua
1258 1214 1318 1248 per
1333 1207 1587 1249 procuratorem
1618 1202 1787 1243 idoneum,
1818 1205 1850 1233 et
1879 1211 1953 1233 cum

87 1268 128 1302 ad
166 1267 345 1302 ecclesiam
384 1270 489 1313 ipsam
515 1269 711 1309 accesserit,
750 1265 971 1311 corporaliter
1007 1264 1084 1298 illud
1121 1268 1259 1310 prestet,
1298 1274 1357 1298 seu
1394 1263 1480 1309 quod
1516 1263 1603 1296 idem
1633 1261 1806 1295 Sanderus
1836 1260 1954 1294 archi-

87 1329 297 1363 diaconatum
326 1328 585 1363 Preroviensem
615 1330 647 1361 in
676 1327 819 1361 ecclesia
851 1326 1066 1361 Olomucensi
1095 1325 1256 1371 predicta,
1287 1328 1379 1358 cuius
1400 1324 1528 1357 fructus
1548 1323 1696 1357 redditus
1716 1327 1748 1356 01
1768 1326 1953 1368 proventus

87 1392 220 1435 triginta
258 1400 321 1424 sex
358 1388 570 1423 marcharum
610 1390 739 1433 argenti
779 1390 851 1433 puri
888 1387 1072 1422 secundum
1111 1389 1369 1420 extimacionem
1403 1385 1585 1431 predictam
1615 1384 1767 1417 valorem
1797 1393 1954 1424 annuum,

86 1455 122 1484 ut
149 1453 322 1494 asseritur,
351 1461 418 1484 non
445 1449 625 1491 excedunt,
655 1451 804 1482 noscitur
833 1447 998 1483 obtinere.
1028 1446 1098 1481 Nos
1128 1449 1216 1481 enim
1246 1458 1379 1480 exnunc
1408 1449 1536 1479 irritum
1558 1445 1771 1479 decernimus
1792 1447 1824 1477 et
1843 1445 1954 1485 inane7

87 1514 114 1545 si
143 1522 242 1545 secus
270 1521 371 1556 super
399 1510 449 1544 1115
478 1522 496 1543 3
526 1521 692 1555 quoquam
722 1512 840 1554 quavis
870 1511 1067 1542 auctoritate
1097 1511 1244 1542 scienter
1263 1507 1318 1541 vel
1339 1510 1534 1552 ignoranter
1554 1507 1732 1550 contigerit
1753 1507 1953 1550 attemptari.

87 1572 207 1607 Datum
237 1571 364 1606 Perusii
394 1570 454 1605 IV.
485 1571 557 1605 idus
587 1570 797 1613 Decembris,
829 1570 1038 1616 pontificatus
1067 1571 1172 1603 nostri
1202 1580 1289 1602 anno
1319 1573 1448 1613 quarto.

975 1751 1077 1786 11⁴.

39 1830 44 1837 '
87 1831 256 1867 Heinrich
272 1843 337 1866 von
358 1831 587 1865 Arnoltozcitz-
608 1830 764 1875 ilberqibl
784 1832 880 1864 seiae
905 1830 1011 1863 Gener
1032 1829 1179 1863 Met-iric*
1197 1832 1260 1863 ete.
1291 1829 1365 1862 dem
1391 1827 1567 1861 (Jlmmz-er
1588 1827 1753 1871 Bisa-leofe
1774 1826 1954 1860 Nikolaus.

708 1891 765 1926 Dt.
801 1890 857 1925 18.
891 1890 1082 1924 December
1114 1889 1221 1923 1392.
1253 1901 1279 1923 s.
1310 1889 1330 1922 l.

247 1980 365 2032 [Knno
402 1998 524 2031 domini
564 1997 739 2031 millesimo
778 1998 1014 2030 trecentesimo
1052 1996 1273 2039 nonagesimo
1312 1993 1472 2031 5001111110,
1515 1992 1598 2026 feria
1642 1996 1758 2037 quarta
1802 1993 1954 2037 proxima

90 2063 166 2093 ante
201 2059 287 2093 diem
326 2061 432 2093 5311011
470 2057 600 2092 Τ1101110
637 2057 778 2103 apostoli
815 2057 953 2101 gloriosi
992 2058 1024 2089 in
1062 2057 1179 2089 maiori
1208 2054 1302 2088 stuba
1339 2057 1431 2087 curie
1460 2052 1660 2099 episcopalis
1689 2051 1955 2085 Chremsirensis

90 2130 202 2154 0013111
232 2119 424 2154 reverendo
453 2121 484 2152 in
516 2117 649 2152 Christo
679 2122 773 2164 patre
803 2122 835 2152 et
865 2118 998 2151 domino
1029 2117 1161 2150 1101111110
1191 2116 1330 2151 Nicolao
1361 2117 1520 2160 episcopo
1550 2113 1766 2147 Olomucensi
1805 2115 1836 2145 in
1865 2122 1955 2145 con-

91 2184 210 2214 testato
243 2179 381 2224 judicio„
419 2179 622 2213 Henslicoue
653 2178 693 2212 de
732 2177 961 2212 Cowatowicz
993 2178 1108 2223 judice
1144 2180 1236 2210 curie
1265 2188 1325 2222 pro
1355 2175 1506 2209 tribunali
1536 2174 1687 2217 sedente,
1718 2185 1779 2219 per
1808 2172 1955 2207 vasallos

90 2240 321 2286 infrascriptos
349 2240 598 2274 sentencialiter
628 2240 742 2274 clectis
773 2245 803 2273 ct
833 2242 1018 2273 constitutis
1048 2243 1202 2273 strenuus
1230 2241 1280 2272 vir
1300 2237 1452 2270 dominus
1472 2235 1638 2268 1101111005
1659 2234 1699 2267 dc
1722 2233 1955 2267 Arnoltowicz

91 2302 171 2335 alias
201 2301 241 2334 de
270 2300 374 2346 Byela
404 2301 626 2346 personaliter
656 2300 774 2334 ibidem
807 2303 1003 2334 constitutus
1030 2299 1277 2333 deliberacione
1306 2296 1478 2343 prehabita
1500 2295 1679 2341 publicavit
1701 2299 1733 2327 et
1754 2296 1955 2338 recognovit

91 2373 150 2409 pro
180 2373 216 2396 se
246 2365 277 2396 et
308 2360 486 2395 heredibus
516 2364 595 2404 51115,
626 2361 712 2407 quod
743 2361 933 2395 reverendo
963 2363 993 2394 iu
1024 2360 1156 2394 Christo
1186 2361 1270 2405 patri
1300 2358 1432 2392 domino
1463 2357 1596 2390 domino
1626 2354 1765 2388 Nicolao
1797 2356 1955 2399 episcopo

92 2423 305 2457 Olomucensi
337 2426 366 2455 et
397 2421 541 2455 ecclesie
572 2427 603 2455 et
633 2425 700 2455 suis
730 2421 984 2455 successoribus
1013 2424 1123 2454 omnia
1154 2432 1192 2453 ac
1222 2419 1349 2463 singula
1382 2418 1466 2452 bona
1497 2429 1554 2451 sua
1578 2416 1735 2449 videlicet
1754 2414 1955 2449 Mezirziecz

92 2495 165 2517 cum
205 2483 395 2517 molendino
433 2486 463 2515 et
502 2482 588 2515 villis
626 2482 786 2528 Krzywc.
824 2483 1071 2526 lli-acliowecz,
1102 2481 1254 2523 VVcsela,
1294 2479 1436 2513 medium
1476 2478 1667 2511 Strzietess.
1705 2479 1782 2509 item
1823 2486 1866 2509 ex
1895 2475 1957 2508 alia

91 2549 185 2590 parte
221 2555 306 2589 aque
344 2542 491 2577 Beczew
533 2548 721 2588 nuncupate
764 2548 908 2577 castrum
953 2544 1186 2577 Arnoltowicz
1229 2546 1260 2574 et
1300 2540 1412 2574 villam
1456 2538 1701 2577 Arn‹›ltowicZ‚
1748 2535 1956 2569 Piescowam

91 2604 242 2638 Lhotam.
271 2603 484 2637 Jarczowam
516 2602 665 2638 Lbotam.
705 2603 842 2649 Branliy
872 2608 901 2636 ct
937 2607 1061 2637 curiam
1093 2604 1131 2637 ad
1162 2603 1273 2635 villam
1305 2599 1470 2634 Brankam
1511 2600 1744 2644 pertinentem,
1782 2600 1956 2630 reservata

91 2669 200 2698 tamen
231 2666 467 2698 communitate
498 2666 527 2695 in
559 2666 691 2708 pascuis
721 2669 751 2697 et
781 2664 873 2697 silvis
903 2664 1132 2698 coimnunibus
1162 2675 1221 2708 pro
1252 2662 1326 2694 villa
1358 2660 1536 2694 Drozdova
1567 2658 1683 2693 Lhota.
1714 2667 1777 2702 que
1802 2661 1957 2691 strenuus

1799 2720 1832 2744 13
