2313 3090
1142 250 1194 251 j
1204 196 1343 251 27:322&

306 308 500 339 monasterii
533 308 634 338 vestri
666 305 835 338 utilitatem
867 306 1087 336 concernunt.
1118 305 1274 346 quantum
1305 311 1378 333 cum
1410 301 1472 333 deo
1502 311 1678 346 possumus
1708 298 1939 333 favorabiliter
1976 309 2172 332 annuamus.

306 366 463 401 Exhibita
494 366 655 411 siquidem
686 365 780 399 nobis
810 375 916 409 nuper
944 374 1004 408 pro
1034 367 1129 408 parte
1159 366 1272 396 vestra
1302 364 1423 407 peticio
1453 361 1655 397 continebat.
1686 360 1772 405 quod
1795 360 1870 394 olim
1901 359 1987 393 bone
2012 362 2175 393 memorie

305 428 478 462 Joliannes
517 431 693 472 episcopus
734 425 966 458 Olomucensis
1006 434 1049 457 ex
1078 426 1179 456 certis
1218 426 1328 456 causis
1367 425 1510 455 animum
1540 433 1633 455 suum
1665 420 1877 454 moventibus
1907 421 1947 454 de
1976 420 2116 453 consilio
2145 423 2178 453 et

306 500 444 523 assensu
485 488 680 521 dilectorum
718 486 858 519 filiorum
896 485 1014 518 decani
1053 489 1083 518 et
1123 483 1255 529 capituli
1295 482 1438 516 ecclesie
1469 481 1703 516 Olomucensis
1742 480 1968 527 parochialem
1999 480 2176 514 ecclesiam

306 553 337 583 in
367 549 538 582 Pusczmir
568 547 802 581 Olomucensis
833 546 988 579 diocesis.
1020 557 1083 590 que
1114 546 1154 578 de
1180 546 1257 588 jure
1286 548 1479 590 patronatus
1510 546 1657 588 episcopi
1680 542 1915 576 Olomucensis
1944 552 2005 586 pro
2027 545 2178 586 tempore

307 613 480 644 existentis
518 607 695 642 existebat.
725 610 756 640 in
794 609 1033 640 monasterium
1071 617 1131 651 pro
1170 616 1234 638 una
1271 603 1437 638 abbatissa
1477 609 1506 637 et
1543 607 1675 648 integi-0
1711 607 1879 636 conventu
1918 602 2043 635 ordinis
2073 603 2178 635 sancti

308 671 490 704 Benedicti.
530 672 559 702 in
600 679 639 701 eo
678 672 840 713 perpetuo
871 667 1004 700 domino
1035 668 1223 700 servituris.
1255 668 1450 699 auctoritate
1487 665 1654 698 ordinaria
1694 666 1801 697 erexit
1837 667 1954 697 acius
1983 664 2178 708 patronatus

306 735 408 777 ipsius
438 730 581 763 ecclesie
610 728 813 774 parochialis
842 726 938 761 vobis
969 731 1000 760 et
1020 725 1276 760 successoribus
1296 728 1419 760 vestris
1440 729 1670 771 inperpetuum
1693 724 1841 758 donavit.
1871 727 2047 757 reservata
2067 726 2178 755 tamen

307 793 347 825 de
385 790 548 824 fructibus
584 788 767 823 redditibus
809 793 839 821 et
877 787 1097 834 proventibus
1134 790 1238 833 ipsius
1277 787 1420 820 ecclesie
1458 785 1658 831 parochialis
1696 795 1756 831 pro
1785 789 1947 830 perpetuo
1976 785 2117 825 vicario,
2146 784 2179 814 in

306 857 375 898 ipsa
412 852 555 885 ecclesia
592 849 775 896 parochiali
814 853 977 895 perpetuo
1017 849 1151 882 domino
1187 851 1367 885 servituro.
1406 859 1466 893 per
1494 858 1557 880 vos
1587 849 1746 892 episcopo
1776 845 2003 887 Olomucensi‚
2034 846 2088 889 qui
2117 854 2178 889 pro

305 919 456 959 tempore
485 912 584 946 foret.
615 910 853 957 presentando.
884 921 1034 954 congrua
1064 912 1238 955 porcione,
1269 909 1310 942 de
1340 920 1402 953 qua
1420 911 1491 953 ipse
1512 910 1658 940 vicarius
1678 911 1794 952 posset
1813 917 1964 950 congrue
1985 907 2176 947 sustentari.

306 974 507 1020 episcopaIIa
538 976 608 1006 iura
639 972 774 1006 solvere
805 976 835 1004 et
866 970 928 1004 alia
958 969 1189 1004 incumbencia
1220 969 1280 1003 sibi
1311 980 1413 1003 onera
1444 972 1654 1013 supportare.
1686 966 1769 1001 Cum
1798 971 1921 1009 autem,
1951 968 2035 1000 sicut
2061 965 2178 999 eadem

305 1038 426 1081 peticio
470 1033 707 1078 subiungebat.
752 1032 880 1066 fructus
922 1031 1070 1065 redditus
1113 1035 1145 1064 et
1186 1035 1370 1077 proventus
1409 1029 1529 1075 prefati
1568 1031 1762 1062 monasterii
1803 1031 1941 1073 propter
1977 1036 2177 1071 guerrarum

306 1097 496 1130 discrimina
536 1099 567 1128 et
604 1094 724 1127 malum
755 1097 875 1126 statum
914 1095 1062 1138 parcium
1093 1091 1220 1125 illarum
1252 1091 1336 1124 adeo
1367 1095 1484 1124 tenues
1513 1094 1545 1123 et
1584 1089 1690 1123 exiles
1719 1092 1876 1123 existant.
1915 1088 2002 1133 quod
2032 1090 2179 1122 vicarius

305 1156 392 1190 dicte
421 1155 623 1202 parochialis
653 1154 797 1187 ecclesie
834 1156 970 1187 racione
999 1152 1189 1186 huiusmodi
1217 1154 1387 1198 porcionis
1418 1155 1541 1185 tantum
1565 1151 1604 1184 de
1635 1150 1823 1184 huiusmodi
1851 1149 2013 1183 fructibus
2047 1150 2177 1194 recipit,

305 1218 391 1263 quod
422 1216 518 1250 vobis
548 1221 579 1249 et
609 1216 696 1249 dicto
727 1217 932 1248 monasterio
961 1225 1077 1260 parum
1108 1214 1194 1246 cedit
1225 1213 1265 1246 de
1295 1212 1456 1246 fructibus
1495 1211 1681 1248 antedictis.
1717 1221 1778 1256 pro
1807 1215 1902 1256 parte
1930 1214 2045 1244 vestra
2081 1208 2178 1243 nobis

305 1279 364 1313 fuit
393 1278 560 1312 humiliter
596 1276 828 1322 supplicatum,
868 1280 901 1308 ut
930 1274 1115 1321 providere
1144 1273 1241 1307 vobis
1270 1285 1372 1319 super
1410 1272 1475 1306 hoc
1504 1272 1545 1306 de
1574 1276 1739 1318 oportuno
1769 1271 1919 1305 remedio
1949 1271 2176 1316 dignaremur.

304 1338 375 1373 Nos
403 1342 504 1384 igitur
532 1338 687 1372 volentes
716 1348 779 1370 vos
809 1341 839 1370 et
869 1335 1033 1382 prefatum
1064 1337 1303 1368 monasterium
1324 1339 1474 1368 vestrum
1504 1333 1623 1368 favore
1648 1336 1806 1379 prosequi
1826 1335 1997 1377 graciosQ
2026 1342 2180 1366 venera-

305 1400 378 1435 bilis
418 1399 532 1433 fratris
568 1401 670 1432 nostri
697 1398 827 1431 Nicolai
867 1400 1016 1443 episcopi
1056 1396 1290 1431 Olomucensis
1329 1395 1424 1429 nobis
1453 1406 1554 1440 super
1591 1394 1656 1428 hoc
1686 1394 1854 1428 humihtcr
1882 1393 2109 1439 supplicantis⁷
2140 1403 2179 1426 ac

305 1464 428 1496 vestris
463 1460 651 1494 huiusmodi
688 1457 991 1504 supplicacionibus
1029 1457 1175 1491 inclinati
1215 1456 1380 1490 voluimus
1417 1461 1446 1489 et
1487 1455 1584 1489 vobis
1619 1458 1817 1488 auctoritate
1847 1453 2030 1500 apostolica
2061 1457 2178 1486 tenore

304 1525 515 1568 presencium
546 1520 773 1555 concedimus,
806 1519 893 1564 quod
923 1519 1065 1552 cedente
1094 1518 1150 1551 vel
1188 1517 1373 1551 decedente
1405 1519 1531 1550 vicario
1560 1519 1663 1562 ipsius
1693 1515 1894 1561 paroehialis
1932 1514 2091 1558 ecclesie,
2127 1517 2181 1559 qui

305 1595 394 1617 nunc
424 1587 472 1616 est
504 1582 559 1616 vel
588 1584 748 1615 vicariam
780 1583 883 1625 ipsius
913 1579 1058 1613 ecclesie
1079 1579 1160 1612 alias
1181 1577 1429 1623 quomodolibet
1459 1578 1655 1620 dimittente,
1686 1577 1784 1610 liceat
1812 1575 1909 1610 vobis
1939 1586 2052 1609 curam
2078 1578 2181 1621 ipsius

306 1643 507 1690 parochialis
538 1643 683 1676 ecclesie
712 1653 773 1687 per
801 1641 944 1686 aliquem
975 1640 1129 1674 idoneum
1161 1638 1383 1684 presbiterum
1414 1639 1601 1672 secularem
1631 1649 1691 1683 per
1719 1648 1782 1671 vos
1811 1636 1999 1670 huiusmodi
2020 1639 2180 1682 episcopo

306 1716 366 1751 pro
403 1709 554 1750 tempore
591 1706 746 1737 existenti
780 1702 1016 1736 nominandum
1056 1701 1171 1734 facere
1201 1704 1356 1733 exerceri
1398 1702 1573 1745 ipsumque
1610 1698 1845 1744 presbiterum.
1888 1700 2048 1743 quociens
2083 1696 2181 1731 vobis

308 1766 482 1812 placuerit.
514 1775 586 1797 cum
618 1775 784 1797 consensu
816 1768 925 1796 tamen
956 1762 1103 1796 eiusdem
1135 1764 1283 1807 episcopi
1313 1760 1354 1794 ab
1377 1761 1492 1794 eadem
1524 1760 1666 1794 ecclesia
1697 1770 1878 1793 removere
1907 1762 1940 1792 et
1975 1758 2051 1792 loco
2080 1760 2182 1804 ipsius

307 1827 404 1860 alium
444 1826 599 1859 idoneum
640 1824 860 1870 presbiterum
898 1824 937 1857 ad
972 1834 1085 1856 curam
1126 1822 1313 1855 huiusmodi
1354 1822 1581 1855 exercendum
1620 1821 1790 1866 deputare.
1847 1819 1894 1853 Ita
1933 1823 2056 1862 tamen,
2095 1817 2181 1864 quod

306 1893 443 1933 propter
481 1887 544 1920 hoc
582 1885 771 1919 huiusmodi
801 1888 986 1918 animarum
1017 1894 1095 1917 cura
1126 1883 1304 1927 diligenter
1333 1887 1536 1916 exerceatur
1565 1887 1595 1915 et
1626 1882 1838 1915 deserviatur
1866 1879 1946 1914 inibi
1974 1879 2183 1913 laudabiliter

307 1952 338 1982 in
368 1948 500 1982 divinis.
531 1947 686 1991 quodque
716 1957 778 1979 vos
808 1945 1009 1991 episcopalia
1041 1947 1111 1977 iura
1142 1944 1278 1977 solvere
1300 1948 1331 1976 et
1356 1944 1417 1977 alia
1439 1954 1542 1976 onera
1565 1941 1765 1983 huiusmodi.
1795 1941 1836 1974 ad
1857 1952 1921 1986 que
1942 1943 2013 1986 ipse
2032 1943 2181 1974 vicarius

308 2008 495 2048 tenebatur.
534 2011 665 2052 integre
704 2009 881 2040 teneamini
921 2010 1129 2051 supportare.
1177 2004 1481 2038 Constitucionibus
1511 2003 1702 2049 apostolicis
1731 2007 1763 2036 et
1792 2002 1863 2036 aliis
1901 2004 2078 2035 contrariis
2116 2012 2182 2035 non

309 2069 514 2103 obstantibus
544 2068 806 2114 quibuscunque.
838 2066 924 2101 Nulli
954 2077 1037 2110 ergo
1068 2068 1202 2099 omnino
1232 2065 1400 2099 hominum
1431 2065 1530 2098 liceat
1559 2064 1643 2098 hanc
1672 2066 1828 2109 paginam
1858 2066 1972 2096 nostre
2001 2061 2181 2096 voluntatis

309 2135 339 2163 et
369 2132 599 2163 concessionis
629 2130 814 2173 infringere
842 2128 897 2162 vel
927 2131 957 2161 ei
987 2138 1068 2160 ausu
1107 2130 1287 2160 temerario
1316 2129 1495 2160 contraire.
1554 2125 1589 2158 Si
1627 2127 1699 2169 quis
1737 2128 1847 2157 autem
1886 2123 1950 2157 hoc
1985 2126 2182 2168 attemptare

308 2194 559 2237 presumpserit.
600 2190 867 2234 indignacionem
903 2190 1151 2233 omnipotentis
1175 2187 1228 2220 dei
1266 2192 1295 2221 et
1336 2185 1624 2220 beatorum-Petri
1663 2189 1695 2218 et
1724 2184 1813 2217 Pauli
1843 2184 2068 2230 apostolorum
2099 2185 2183 2224 eius)

309 2264 346 2285 se
374 2254 507 2285 noverit
536 2254 759 2284 incursurum.
789 2250 909 2284 Datum
930 2248 1039 2282 Rome
1069 2248 1152 2293 apud
1191 2252 1340 2281 sanctum
1373 2247 1504 2280 Petrum
1536 2246 1593 2280 lv.
1624 2246 1784 2279 kalendas
1814 2244 1940 2290 Aprilis
1972 2242 2182 2289 pontificatus

310 2316 414 2346 nostri
444 2324 531 2346 anno
561 2317 670 2346 sexto.

621 2520 711 2553 (Orig.
738 2521 819 2553 Pei-g.
847 2528 881 2545 an
907 2519 1008 2553 gelben
1033 2519 1090 2543 und
1114 2518 1214 2544 rothen
1242 2519 1338 2544 Faden
1365 2518 1392 2545 li.
1420 2517 1560 2544 Bleibulle
1585 2504 1623 2542 im
1644 2517 1751 2543 fiii-ster
1762 2516 1807 2541 zb.
1826 2515 1953 2541 Archive
1977 2514 2005 2539 in
2023 2513 2179 2540 Kremsier.
