2313 3090
1031 193 1170 247 431fl

146 311 231 333 cium
261 310 460 345 quocunque
491 298 589 331 modo
619 298 901 333 concernentilms
930 308 966 331 se
997 298 1084 331 velle
1114 302 1143 330 et
1175 296 1300 330 debere
1329 295 1534 341 peramplius
1563 298 1595 327 et
1625 296 1656 326 in
1686 296 1883 338 perpetuum
1914 293 1958 323 uti
1981 294 2013 322 et

145 361 280 395 casdem
308 361 434 394 litteras
464 370 595 392 necnon
626 358 889 402 ordinacionem.
921 358 1179 404 disposicionem
1210 362 1240 390 et
1270 356 1478 390 amicabilem
1509 356 1804 399 composicionem.
1835 355 1867 385 in
1887 351 2013 384 eisdem

145 426 330 463 contentas.
362 423 392 454 in
422 419 575 453 omnibus
605 423 673 452 suis
703 420 859 452 clausulis
889 422 1068 452 sentenciis
1099 418 1245 451 articulis
1275 422 1304 451 et
1337 419 1466 463 punctis
1487 415 1702 449 ratiticantes.
1724 412 1952 451 gratificantes
1973 423 2012 444 ae

145 493 232 516 voce
261 482 350 515 clara
380 480 604 527 approbantes
635 486 662 512 et
696 481 867 513 laudantes
899 485 999 523 ratas.
1029 484 1155 524 gratas.
1188 478 1299 512 firmas
1330 477 1567 511 inviolabiliter
1596 475 1782 509 observare
1812 477 1898 507 inter
1927 484 1963 506 se
1985 477 2014 505 et

145 543 284 577 tirmiter
313 547 429 576 tenere
460 541 665 587 temporibus
695 544 869 574 evitet-nis.
893 541 1163 574 Renuncciantes
1186 545 1217 573 et
1237 539 1431 573 abdicantes
1454 538 1581 583 pret'ate
1602 536 1699 569 ambe
1720 539 1831 581 partes
1853 544 2016 579 expresse

147 607 226 638 viva
263 608 295 637 et
329 603 419 637 clara
456 614 544 636 voce
583 601 835 646 quibuscunque
866 602 937 635 aliis
966 602 1096 635 litteris.
1126 603 1365 634 instrumentis.
1396 598 1594 645 privilegiis7
1626 598 1892 642 compromissis.
1921 594 2016 628 arhi-

147 667 229 707 triis.
271 662 550 697 arbitracionibus
587 674 625 695 ac
664 662 892 696 amicabilibus
930 662 1235 708 composicionibus
1264 660 1404 707 publicis
1434 660 1488 693 vel
1518 658 1669 693 occultiS.
1712 668 1772 703 per
1801 667 2017 701 quascunque

145 735 308 771 personas
347 724 534 770 spirituales
573 723 750 767 religiosas
789 727 843 756 aut¹
878 724 1048 756 seculares
1084 723 1180 756 factis
1218 722 1273 755 vel
1319 721 1493 757 faciendis.
1537 719 1680 752 obtentis
1719 718 1775 751 vel
1813 715 2015 750 obtinendis.

148 796 289 832 presens
325 785 447 818 factum
484 795 683 829 quocunque
723 784 821 817 modo
861 783 1131 827 contingentibus
1161 783 1214 816 vel
1245 780 1527 816 concernentibus
1557 778 1831 825 excepcionibus.
1863 777 2017 823 appella-

148 844 309 888 cionibus,
341 844 534 879 accionibus
565 849 597 877 et
626 844 798 889 quibusvis
829 848 990 878 canonice
1019 845 1104 889 legis
1134 847 1257 885 statuti,
1286 853 1365 876 usus
1396 841 1448 875 vel
1479 840 1728 874 consuetudinis
1759 844 1789 873 et
1810 840 2018 872 restitucioni

148 910 182 941 in
224 910 390 952 integrum
435 905 608 940 beneficiis
651 916 710 938 seu
753 906 825 938 aliis
861 906 1034 950 quibusvis
1073 905 1254 949 suffragiis
1298 903 1491 937 accionibus
1541 902 1699 935 coloratis
1740 901 1795 933 vel
1831 901 2018 944 exquisitis.

153 970 288 1003 directis
316 968 372 1002 vel
401 967 583 1009 indii-cetis.
627 970 765 1011 propter
794 978 857 1011 que
889 966 1101 1012 presentibus
1131 966 1350 1011 preiudicium
1380 968 1495 1009 posset
1525 962 1746 1008 quovismodo
1776 963 1935 1005 generari
1964 958 2018 992 vel

152 1030 278 1064 eisdem
314 1031 346 1063 in
376 1033 470 1074 parte
498 1027 553 1061 vel
582 1030 615 1060 in
646 1032 714 1060 toto
744 1027 914 1063 deroeari.
963 1026 1258 1071 Promiseruntque
1289 1026 1376 1059 dicte
1406 1028 1529 1071 partes.
1574 1023 1731 1057 videlicet
1760 1022 1912 1055 dominus
1942 1023 2019 1065 epi-

150 1100 272 1136 scopus
314 1100 374 1135 pro
412 1100 449 1123 se
485 1093 515 1122 et
554 1087 810 1122 successoribus
849 1091 915 1121 suis
954 1093 984 1121 et
1023 1088 1142 1133 prefati
1178 1087 1301 1120 domini
1335 1085 1508 1119 Joliannes
1547 1087 1649 1129 prior.
1683 1083 1863 1116 llenzlinus
1893 1085 2018 1114 eustos.

151 1150 323 1185 Libussius
344 1155 473 1194 cantor,
494 1149 611 1183 Petrus
632 1150 841 1183 scolasticus.
864 1149 1110 1182 Wenczeslaus
1131 1148 1236 1182 dictus
1256 1147 1386 1181 Parvus
1413 1150 1612 1192 procurator
1640 1149 1810 1188 totumque
1840 1142 2018 1188 capitulum

151 1212 296 1245 ecclesie
315 1211 606 1256 Luthomvslensis
627 1215 804 1256 presentes
825 1214 855 1242 et
886 1213 915 1242 in
947 1221 1045 1243 unmn
1076 1209 1304 1254 capitulariter
1333 1209 1533 1252 congregati
1562 1216 1622 1251 pro
1652 1216 1688 1238 se
1719 1209 1749 1237 et
1779 1206 1847 1237 suis
1876 1213 2020 1235 succes-

150 1272 294 1308 soribus.
324 1271 419 1306 nobis
448 1274 587 1305 notariis
616 1271 754 1316 publicis
785 1272 1004 1316 inti-ascriptis
1025 1273 1179 1316 personis
1199 1272 1374 1302 autenticis
1394 1269 1555 1313 legittime
1576 1264 1818 1311 stipulantibus.
1841 1266 2021 1309 premissas

151 1334 401 1369 ordinacionem
433 1332 691 1378 disposicionem
723 1336 753 1365 et
784 1331 992 1364 amicabilem
1015 1334 1298 1376 composicionem
1321 1333 1352 1363 in
1373 1328 1526 1363 omnibus
1547 1331 1615 1362 suis
1636 1326 1804 1360 clausulis.
1826 1326 2020 1359 sentenciis.

152 1394 300 1429 articulis
328 1398 361 1428 et
388 1397 519 1440 punctis
549 1398 638 1427 ratas
668 1397 783 1437 gratas
813 1397 968 1438 acceptas
998 1392 1110 1425 firmas
1140 1396 1172 1425 et
1201 1390 1411 1425 inviolabiles
1439 1391 1610 1435 perpetuis
1641 1386 1847 1433 temporibus
1868 1396 2021 1419 servare.

152 1461 268 1490 tenere
298 1466 337 1488 ac
366 1459 478 1488 mutuo
508 1457 594 1488 inter
622 1465 659 1487 se
689 1454 875 1487 confovere
905 1452 964 1486 sub
994 1464 1079 1498 pena
1101 1456 1359 1498 quingentarum
1380 1460 1630 1490 sexagenariim
1651 1458 1847 1493 grossorum
1868 1458 2023 1492 pragen-

152 1519 236 1551 sium
267 1516 481 1549 denariorum
510 1526 571 1560 per
600 1519 740 1560 partem.
771 1514 918 1559 prefatas
949 1514 1196 1548 ordinaciones.
1217 1513 1461 1558 disposiciones
1482 1523 1520 1544 ac
1542 1509 1734 1544 amicabiles
1755 1511 2023 1554 composiciones

153 1580 186 1611 in
215 1581 283 1610 toto
311 1576 366 1610 vel
397 1579 428 1609 in
457 1580 551 1622 parte
581 1587 648 1609 non
679 1579 859 1610 tenentem.
891 1578 974 1621 parti
998 1578 1122 1608 tenenti
1143 1573 1417 1608 irremissibiliter
1437 1572 1687 1606 solvendarum.
1710 1570 1750 1603 ad
1772 1580 1868 1615 quam
1891 1569 2022 1614 quidem

155 1649 273 1684 penam
311 1637 509 1671 solvendam
549 1637 646 1670 ambe
684 1640 849 1682 premisse
888 1641 1001 1682 partes
1038 1646 1098 1680 pro
1129 1647 1165 1669 se
1196 1640 1227 1668 et
1257 1633 1512 1668 successoribus
1542 1635 1622 1675 suis‚
1666 1634 1693 1665 si
1722 1635 1811 1677 ipsas
1840 1630 1896 1663 vel
1925 1640 2023 1663 unam

155 1702 302 1745 ipsarum
339 1697 575 1743 quoquomodo
614 1700 788 1731 incurrere
825 1700 1015 1741 contigerit.
1062 1707 1098 1730 se
1135 1695 1294 1729 benivole
1332 1697 1561 1728 astrinxerunt
1592 1697 1625 1727 et
1653 1695 1682 1726 ei
1712 1703 1748 1725 se
1777 1694 1909 1737 penitus
1939 1689 2024 1723 sub-

155 1762 327 1794 miserunt.
376 1759 425 1793 Ita
454 1763 575 1803 tamenz
607 1759 693 1804 quod
726 1758 1030 1792 reverendissimus
1059 1760 1091 1791 in
1120 1756 1253 1790 Christo
1283 1761 1377 1802 pater
1405 1760 1437 1789 et
1467 1756 1620 1789 dominns
1649 1754 1802 1787 dominus
1834 1780 1840 1786 .
1872 1779 1878 1785 .
1910 1756 2025 1785 sancte

156 1820 336 1866 Pragensis
365 1820 511 1854 ecclesie
541 1819 815 1865 archiepiscopus
845 1819 1095 1864 apostolici-que
1125 1818 1214 1851 sedis
1244 1818 1386 1862 legatus.
1417 1819 1470 1861 qui
1500 1827 1560 1861 pro
1589 1820 1741 1860 tempore
1772 1814 1881 1847 fuerit.
1921 1812 2025 1845 dictas

156 1886 269 1928 partes
297 1881 355 1915 vel
384 1892 483 1915 unam
513 1884 660 1926 ipsarum
692 1883 722 1913 in
753 1880 915 1925 pret'atam
946 1890 1064 1924 penam
1096 1879 1253 1912 incidisse
1283 1879 1458 1912 declarare
1489 1881 1521 1911 et
1550 1879 1702 1910 censuris
1724 1875 1964 1909 ecclesiasticis
1985 1873 2024 1905 ad

157 1943 300 1977 dandum
330 1947 363 1976 et
390 1942 589 1976 solvendum
621 1942 739 1974 dictam
772 1952 890 1986 penam
923 1944 1061 1983 tociens,
1094 1943 1257 1984 quociens
1287 1939 1530 1973 contral'actmn
1562 1938 1672 1979 fuerit,
1704 1935 1839 1970 babebit
1867 1939 1898 1968 et
1929 1933 2024 1967 babet

157 2005 288 2050 plenam
318 2007 349 2037 et
378 2003 603 2037 omnimodam
635 2002 837 2036 facultatem.
870 2001 1069 2047 quibuslibet
1099 2000 1362 2046 excepcionibus
1391 1998 1676 2045 appeltacionibus
1706 2003 1737 2031 et
1768 2000 1848 2030 iuris
1868 1995 2026 2029 remediis

157 2067 288 2111 penitus
327 2065 441 2110 procul
479 2067 587 2098 motis.
646 2064 786 2109 insuper
824 2066 1050 2108 promiserunt
1087 2062 1173 2095 dicte
1211 2061 1310 2095 ambe
1348 2066 1471 2107 partes„
1517 2063 1599 2094 sicut
1641 2059 1762 2093 debent
1799 2062 1831 2091 et
1860 2061 2024 2090 tenentur.

158 2129 356 2172 quantocius
389 2125 566 2158 commode
596 2127 762 2170 potuerint
794 2135 854 2169 pcr
883 2134 919 2157 se
949 2124 1004 2157 vel
1036 2128 1272 2168 procuratores
1301 2134 1380 2156 suos
1409 2122 1448 2155 ad
1480 2123 1690 2167 presenciam
1722 2118 1873 2165 prelibati
1905 2118 2026 2150 domini

162 2187 406 2232 archiepiscopi
444 2186 628 2231 apostolice
666 2186 754 2219 sedis
792 2185 892 2229 legati
923 2185 1087 2217 accedere
1117 2184 1295 2227 diligenter
1325 2183 1550 2229 supplicantes
1580 2186 1611 2215 et
1641 2192 1715 2214 cum
1747 2180 1865 2213 ell‘ectn
1897 2189 2027 2223 procu-

166 2252 290 2289 rantes⁷
321 2248 407 2292 quod
437 2251 612 2293 presentes
642 2247 769 2280 litteras
799 2258 857 2279 seu
889 2256 1028 2290 presens
1059 2248 1311 2278 instrumentum
1343 2255 1415 2277 cum
1447 2242 1599 2277 omnibns
1628 2245 1696 2276 suis
1725 2243 1856 2285 scriptis
1885 2241 2026 2285 paccio-

162 2307 257 2342 nibus
308 2308 580 2341 ordinacionibus
632 2307 910 2353 disposicionitius
959 2305 1220 2339 inediacionibns
1267 2316 1306 2338 ac
1355 2303 1583 2338 amicabilibus
1634 2300 1936 2347 coinposicionibns
1995 2302 2027 2332 in

162 2368 315 2403 omnibus
353 2373 385 2402 et
421 2369 562 2414 singulis
600 2371 668 2402 suis
698 2369 869 2404 clausulis.
914 2370 1105 2408 sentenciis,
1149 2366 1296 2400 articulis
1326 2370 1357 2399 et
1386 2368 1516 2411 punctis
1546 2367 1742 2398 auctoritate
1774 2361 2026 2406 metropolitana

163 2434 261 2475 atque
291 2429 474 2475 apostolice
504 2430 592 2463 sedis
624 2430 724 2473 teg-aii
755 2434 919 2475 potestate
949 2428 1161 2461 conlirmare.
1205 2427 1380 2470 roborare,
1411 2429 1631 2459 auctorizare.
1665 2424 1813 2457 validare
1843 2426 1872 2454 et
1904 2426 2027 2454 auten-

163 2494 279 2533 ficare.
322 2493 440 2535 suique
475 2490 577 2534 sigilli
608 2493 736 2535 tipario.
781 2494 877 2536 prout
908 2490 1024 2523 melius
1055 2489 1094 2521 de
1124 2492 1196 2522 iure
1226 2488 1297 2522 lieri
1327 2493 1447 2534 potest.
1492 2487 1688 2531 dignaretur
1718 2486 1934 2518 communire.
1992 2481 2026 2515 In

161 2555 255 2586 cuius
291 2554 339 2584 rei
375 2551 515 2584 evidens
553 2554 775 2584 testimonium
814 2555 844 2583 et
884 2550 985 2583 robur
1021 2550 1157 2591 tirmius.
1201 2553 1231 2583 in
1271 2554 1466 2595 perpetuum
1498 2548 1685 2581 valiturum.
1730 2545 1838 2583 siu-itia
1870 2543 2024 2576 videlicet

162 2615 302 2658 pretacti
332 2611 453 2645 domini
483 2611 645 2644 Joliannis
675 2614 823 2657 episcopi
853 2610 1142 2655 Lutlimnvslensis
1173 2615 1203 2643 et
1233 2610 1458 2655 predictorum
1481 2609 1688 2642 dominorum
1711 2606 1873 2639 Joliannis⁴
1895 2606 2025 2649 prioris.

163 2672 317 2707 Henzlini
346 2672 505 2706 custodis.
539 2671 676 2705 Libussii
707 2675 866 2710 cantoris.
898 2672 983 2704 Petri
1014 2671 1182 2704 scolastici
1211 2682 1251 2704 ac
1281 2673 1386 2704 tocius
1416 2670 1549 2715 capituli
1572 2668 1717 2701 ecclesie
1741 2665 2027 2710 laitlionivslensis
