2313 3090
1228 196 1299 230 122

333 307 408 340 dolo
447 311 478 340 et
516 306 632 340 fraude
658 303 855 350 quibuslibet
893 302 1008 348 procul
1046 304 1143 334 motis
1172 300 1313 346 plebano
1348 303 1380 334 in
1408 299 1548 334 Krisans
1577 304 1609 333 et
1638 299 1790 345 hospitali
1820 299 2029 345 supradictis7
2060 303 2091 332 et
2119 302 2195 344 post

334 367 396 400 hec
425 367 562 412 predicti
584 370 723 411 quatuor
743 363 873 410 plebani
894 373 980 395 anno
1001 364 1156 407 proximo
1178 361 1291 406 elapso
1312 360 1449 407 prefatis
1469 363 1617 406 pecuniis
1639 359 1853 394 decimalibus
1874 358 2194 394 convencionalibus

332 430 466 461 minime
496 426 684 472 persolutis,
715 430 746 457 nt
776 423 955 469 presertim
985 422 1167 468 predictam
1197 421 1376 456 ecclesiam
1406 424 1437 454 in
1467 420 1618 466 Krysans
1648 432 1687 454 ac
1715 432 1776 466 per
1796 431 2006 465 consequens
2026 423 2193 453 rectorem

332 499 391 522 seu
430 486 603 532 plebanum
643 485 821 530 supradicti
859 482 1032 528 hospitalis
1071 493 1110 516 ac
1147 493 1330 528 pauperum
1369 482 1448 516 inibi
1485 482 1683 526 degencium
1713 481 1871 527 predictis
1901 480 2038 514 decimis
2068 484 2195 513 temere

332 548 479 582 violente
509 547 633 590 absque
663 546 800 577 alieuius
830 546 1012 589 superioris
1037 543 1160 587 judicis
1189 543 1329 576 licencia
1359 547 1391 576 et
1420 553 1560 576 assensu
1591 546 1620 575 et
1642 541 1825 584 voluntate7
1856 541 2012 575 videlicet
2037 540 2195 574 ordinarii

333 609 475 653 delegati
507 612 559 640 ant
590 605 798 649 subdelegati
828 604 882 638 vel
912 606 1060 637 cuiusvis
1091 606 1238 647 maioris,
1269 603 1309 637 de
1338 603 1426 637 facto
1457 608 1487 637 et
1521 614 1618 637 manu
1657 605 1782 648 potenti
1819 602 2002 647 spoliarunt
2039 604 2195 646 ipsasque

333 670 479 702 decimas
517 667 648 711 frugum
686 665 737 699 die
775 665 937 698 hodierna
973 664 1126 710 spolianti
1162 675 1222 710 pro
1261 675 1298 698 se
1337 668 1461 708 tenent,
1499 668 1677 698 reservant.
1713 668 1744 697 et
1772 662 2003 709 potencialiter
2032 665 2197 707 occupant

332 739 503 762 assensum
535 727 759 772 predictorum
790 730 955 759 rectorum
988 728 1018 758 in
1048 724 1188 758 Krisans
1218 729 1250 757 et
1278 724 1409 769 plebani
1438 724 1557 770 prefati
1588 724 1759 770 hospitalis
1789 723 1828 757 ad
1850 723 1915 756 hoc
1936 725 2069 755 minime
2089 732 2196 755 acce-

333 788 483 822 dentibus
515 788 612 832 (sieJ).
669 786 804 819 Summa
845 797 1048 819 summarum
1078 785 1204 819 valoris
1234 790 1265 819 et
1294 790 1526 831 perceptarum
1556 785 1760 818 decimarum
1791 784 2004 829 spoliaturum
2035 781 2197 815 hactenus

332 850 416 882 bene
446 851 613 881 communi
643 849 860 881 estimacione
890 847 929 879 ad
960 846 1178 891 quadraginta
1209 857 1340 879 marcas
1369 857 1565 889 grossorum
1595 847 1810 890 pragensium
1833 842 2047 876 moravicalis
2067 845 2197 876 numeri

333 914 361 943 et
404 909 487 942 ultra
531 908 626 942 salvo
665 918 782 941 errore
819 912 848 940 et
880 908 957 951 jure
995 906 1113 939 calculi
1151 911 1181 939 et
1220 907 1260 940 de
1299 909 1347 939 eis
1377 908 1484 950 magis
1513 910 1566 939 aut
1601 908 1707 938 minus
1745 915 1782 938 se
1812 904 1972 947 extendit,
2010 902 2197 949 prefatique

333 970 529 1015 spoliatores
568 972 656 1014 ipsas
695 968 841 1002 decimas
880 967 920 1001 de
959 968 1046 1000 facto
1085 970 1133 1001 sic
1172 978 1231 1013 pro
1270 978 1306 1001 se
1346 971 1512 1012 occupant
1549 967 1601 999 die
1639 965 1800 999 hodierna
1840 975 1902 997 una
1932 975 2006 997 cum
2039 963 2197 1009 predictis

334 1032 502 1075 peccuniis
539 1034 568 1062 et
606 1032 743 1063 summis
780 1026 1099 1062 convencionalibus
1136 1030 1291 1072 ipsasque
1330 1030 1463 1060 minime
1494 1031 1651 1060 curarunt
1681 1030 1734 1059 aut
1764 1030 1881 1059 curant
1911 1025 2066 1068 reddere,
2105 1024 2197 1067 dare‚

332 1090 468 1124 solvere
505 1094 533 1123 et
574 1092 763 1132 restituere,
790 1101 862 1122 cum
894 1089 991 1134 pleno
1032 1088 1176 1121 dominio
1206 1090 1418 1133 proprietatis
1448 1086 1586 1133 pacifice
1616 1090 1839 1132 possessionis
1869 1086 1956 1120 dicto
1986 1088 2110 1119 rectori
2139 1096 2198 1120 seu

333 1151 475 1197 plebano
513 1154 544 1183 in
580 1150 719 1183 Krisans
755 1154 786 1183 et
823 1150 1107 1183 administracioni
1144 1160 1326 1194 pauperum
1366 1147 1538 1193 hospitalis
1581 1147 1774 1192 supradicti,
1817 1150 1932 1192 sicque
1974 1146 2198 1192 predictarum

333 1213 536 1245 decimarum
558 1211 697 1256 spolium
720 1215 751 1244 et
772 1214 951 1244 occasione
972 1213 1166 1243 iniuriarum
1187 1209 1374 1242 huiusmodi
1395 1213 1470 1254 puta
1493 1208 1662 1251 scandala,
1693 1207 1810 1254 spolia,
1832 1206 2022 1253 obprobria,
2044 1207 2198 1252 dampna,

333 1284 500 1318 expensas
538 1277 569 1305 et
607 1275 762 1317 inpensas
799 1283 837 1304 ac
874 1274 1038 1304 interesse
1075 1270 1208 1303 dominii
1249 1274 1277 1303 ct
1318 1272 1531 1315 proprietatis
1560 1280 1598 1302 ac
1628 1267 1766 1314 pacifice
1800 1270 2024 1314 possessionis
2054 1273 2086 1301 et
2114 1278 2199 1313 per-

334 1335 503 1378 cepcionis
533 1332 736 1365 decimarum
768 1331 953 1365 huiusmodi
984 1330 1161 1364 indebitam
1192 1335 1223 1363 et
1252 1330 1406 1363 frivolam
1432 1330 1671 1375 spoliacionem
1703 1333 1734 1362 et
1764 1329 2019 1371 alienacionem‚
2049 1328 2199 1374 predicto

334 1396 457 1427 rectori
496 1396 527 1426 in
556 1392 696 1426 Krisans
735 1397 766 1425 et
804 1391 945 1437 plebano
985 1391 1156 1437 hospitalis
1195 1394 1299 1425 sancti
1337 1393 1471 1436 spiritus
1509 1393 1539 1423 in
1570 1389 1716 1435 Antiqua
1747 1388 1859 1423 Bruna
1895 1394 1927 1423 et
1956 1387 2199 1422 miserabilibus

334 1457 488 1499 personis
517 1453 594 1487 inibi
625 1452 824 1497 degentibus
854 1464 892 1486 ac
914 1455 1074 1496 magistro
1105 1456 1135 1485 et
1156 1451 1313 1485 fratribus
1334 1451 1460 1484 ordinis
1480 1451 1620 1496 predicti
1641 1450 1761 1484 saetam
1783 1454 1898 1483 contra
1920 1449 2200 1483 confirmaciones

335 1516 502 1561 predictas
533 1520 563 1547 et
594 1515 682 1548 sedis
713 1514 895 1559 apostolice
925 1513 1047 1547 indulta
1078 1512 1182 1546 factas
1213 1511 1377 1545 exhibitas
1407 1516 1437 1544 et
1467 1523 1526 1557 per
1547 1511 1652 1545 dictos
1673 1511 1871 1557 spoliatores
1893 1510 2014 1544 frivole
2035 1514 2067 1543 et
2087 1514 2199 1543 teme-

335 1579 423 1609 rarie
453 1575 493 1608 de
515 1576 602 1608 sacto
623 1575 808 1620 spoliando7
840 1579 873 1607 ut
893 1577 1103 1619 premittitur,
1133 1577 1355 1618 attemptatas.
1386 1571 1558 1605 Predictus
1584 1572 1737 1605 dominus
1757 1571 1916 1605 Nicolaus
1938 1570 2041 1604 frater
2060 1570 2201 1617 predicti

335 1637 460 1669 ordinis
496 1647 555 1681 pro
594 1647 630 1669 se
670 1640 700 1668 et
738 1646 796 1668 sua
836 1646 979 1680 persona
1016 1637 1047 1667 in
1086 1634 1247 1667 dictinann
1284 1644 1479 1678 pauperum,
1518 1643 1716 1677 egenorum,
1748 1632 1953 1665 infirmorum
1983 1636 2015 1665 et
2045 1630 2199 1665 debilium

334 1707 553 1742 personarunt
585 1695 661 1728 inibi
691 1695 923 1728 miserabiliter
952 1695 1150 1739 degencinm
1182 1696 1335 1739 personis
1364 1698 1449 1727 statu
1480 1698 1511 1726 et
1539 1696 1605 1727 vita
1632 1695 1833 1727 coniunctim
1855 1697 1887 1726 et
1907 1692 2038 1726 divisim
2060 1695 2201 1738 protunc

335 1760 500 1791 estimavit
532 1760 561 1789 in
593 1759 702 1789 animo
733 1760 764 1789 et
793 1767 879 1789 nunc
910 1758 1038 1789 estimat
1069 1760 1101 1788 et
1131 1757 1306 1788 revocavit
1335 1765 1435 1788 causa
1465 1753 1640 1787 iniuriandi
1670 1758 1701 1786 et
1730 1753 1893 1799 spoliandi
1914 1757 1946 1786 et
1975 1764 2040 1786 nun
2062 1756 2202 1786 revocat

335 1829 434 1863 supra
478 1822 508 1850 et
552 1817 636 1850 infra
680 1819 820 1861 scriptas
864 1819 999 1849 iniurias
1037 1820 1067 1848 et
1106 1815 1210 1860 spolia
1249 1826 1285 1849 se
1324 1820 1355 1848 et
1393 1815 1466 1849 illos
1505 1826 1644 1860 egenose
1681 1825 1847 1860 pauperes
1886 1817 1917 1847 et
1947 1812 2094 1847 infirmos
2124 1813 2201 1847 dicti

336 1878 507 1924 hospitalis
525 1878 684 1911 dictarum
703 1888 921 1922 personarum
940 1876 1143 1909 deeimarum
1165 1876 1417 1921 spoliacionem,
1438 1876 1679 1909 alienacionem
1701 1880 1731 1909 et
1749 1877 1959 1908 temerariam
1978 1876 2202 1920 possessionis

337 1938 522 1972 huiusmodi
554 1937 692 1984 paeilice
723 1937 951 1971 exclusionem
982 1942 1011 1970 et
1043 1937 1181 1983 spolium
1213 1940 1425 1970 temerarium
1457 1941 1487 1969 et
1508 1939 1748 1982 potenciarium
1770 1947 1809 1969 ac
1831 1935 1939 1979 samis,
1960 1938 2044 1977 sitis,
2066 1934 2202 1979 frigoris

336 2002 544 2033 miseriarum
576 1998 773 2032 infinitarum
804 2010 842 2031 ac
873 2001 979 2031 vietus
1009 2003 1040 2031 et
1070 2001 1208 2032 amictus
1240 2001 1384 2043 ipsorum
1415 2008 1475 2042 pro
1505 2008 1545 2030 eo
1576 2000 1764 2042 passionem
1804 2001 1836 2029 et
1873 1998 2063 2030 carenciam
2102 1995 2202 2038 facta,

337 2060 453 2101 factas‚
492 2063 702 2104 attemptatas
733 2063 764 2091 et
789 2063 993 2104 attemptatin
1033 2070 1149 2104 passas
1179 2063 1210 2092 et
1239 2069 1349 2104 passa,
1387 2062 1440 2091 aut
1470 2060 1558 2103 ipsas
1588 2057 1800 2091 confirmatas
1831 2057 1977 2091 decimas
2006 2068 2023 2090 a
2052 2057 2202 2102 predicta

337 2120 480 2153 ecclesia
512 2123 543 2154 in
572 2120 712 2154 Kris‘ans
743 2126 773 2153 et
804 2119 956 2165 hospitali
987 2120 1137 2165 predicto
1168 2124 1329 2165 perpetuo
1360 2129 1435 2152 esse
1464 2118 1622 2164 spoliatas
1652 2123 1683 2151 et
1712 2118 1753 2151 de
1782 2118 1871 2151 facto
1901 2118 2081 2161 alienatas;
2115 2117 2202 2152 nolle

337 2180 585 2225 quomodolibet
614 2183 811 2215 sustinuisse
839 2181 892 2214 vel
915 2181 1001 2214 velle
1031 2183 1196 2213 sustinere
1226 2192 1262 2213 se
1292 2183 1343 2211 aul
1375 2189 1453 2212 snos
1483 2189 1647 2223 pauperes
1678 2179 1753 2212 dicti
1779 2178 1949 2224 hospitalis
1970 2189 2030 2224 pro
2051 2178 2203 2212 ducentis

337 2244 458 2274 marcis
479 2244 564 2286 puri.
590 2242 682 2285 justi.
715 2241 801 2275 boni.
834 2241 916 2274 lirmi
939 2246 968 2275 et
990 2241 1108 2285 legalis
1128 2240 1298 2285 ponderis.
1328 2239 1385 2272 sed
1410 2242 1524 2284 pocius
1545 2238 1715 2284 pacificam
1738 2242 2001 2284 possessionem,
2023 2239 2202 2273 dominium

337 2306 367 2333 et
398 2305 654 2347 pereepeionem
686 2302 908 2347 predictarum
939 2302 1142 2335 decimarum
1175 2312 1237 2334 nna
1272 2311 1345 2334 cum
1376 2299 1516 2345 plebano
1546 2302 1577 2333 in
1607 2299 1746 2334 Krisans
1776 2300 1926 2345 predicto
1956 2305 1988 2334 et
2017 2303 2085 2334 suis
2114 2310 2203 2345 pau-

337 2361 471 2406 peribus
501 2362 576 2395 dicti
609 2362 779 2407 hospitalis
810 2365 1028 2408 percepisset.
1059 2362 1263 2405 collegisset„
1294 2363 1420 2406 percipi
1451 2366 1482 2394 et
1511 2361 1622 2405 colligi
1654 2361 1778 2394 vellent
1808 2372 1870 2394 una
1900 2372 1974 2395 cum
2005 2363 2143 2395 retentis
2172 2365 2204 2394 et

338 2426 504 2468 perceptis
534 2423 656 2456 exinde
686 2433 763 2455 usus
795 2423 908 2455 fnisset
940 2427 1101 2468 perpetuo
1123 2426 1152 2455 et
1176 2425 1218 2454 uti
1240 2421 1376 2457 vellent.
1407 2432 1503 2466 quam
1526 2421 1646 2454 dictum
1669 2421 1808 2466 spolium
1831 2421 2018 2455 huiusmodi
2040 2421 2202 2455 decimam

338 2483 445 2515 taliter
475 2494 534 2528 per
563 2487 652 2528 ipsos
682 2483 880 2528 spoliatores
911 2484 950 2516 de
981 2484 1068 2516 sacto
1099 2493 1278 2528 perpessus
1310 2482 1423 2516 suisset
1455 2487 1509 2515 aut
1540 2482 1663 2515 vellent
1691 2485 1819 2527 perpeti
1850 2481 2059 2516 infuturum.
2091 2481 2203 2523 Quare

338 2543 502 2576 lieni-icus
532 2544 725 2577 llawswald
756 2543 924 2589 predictus
955 2549 1153 2588 procurator
1182 2547 1214 2576 et
1242 2546 1373 2576 nomine
1404 2546 1635 2588 procuratorio
1666 2543 1742 2576 dicti
1772 2543 1896 2576 domini
1925 2541 2054 2576 Nicolai
2093 2541 2204 2575 fratris

338 2603 577 2636 erm-il'erornm
600 2604 726 2637 ordinis
747 2604 884 2649 predii-ti
907 2609 936 2635 et
960 2606 1100 2636 rectoris
1121 2615 1159 2636 ac
1181 2602 1311 2648 plebani
1333 2602 1505 2648 hospitalis
1526 2603 1705 2648 supradicti
1727 2602 1929 2636 venerabilis
1951 2607 2064 2637 vestre
2085 2606 2204 2648 pater—

338 2666 446 2696 nitatis
463 2663 620 2707 ol'licinm,
635 2663 730 2697 vobis
742 2663 861 2696 (ludum
875 2676 890 2696 a
905 2663 984 2696 sede
997 2664 1176 2709 apostolica
1191 2666 1415 2707 commissum,
1431 2663 1596 2696 lnnniliter
1609 2663 1759 2709 implorat
1772 2675 1832 2709 per
1843 2668 2029 2709 presentes,
2043 2666 2204 2708 quatenus
