2313 3090
987 220 1051 254 131

89 329 284 375 integralem
332 333 484 362 tenorem
522 331 658 373 propter
696 326 876 360 earundem
913 326 1136 372 prolixitatem
1179 322 1390 369 presentibus
1431 323 1532 355 inseri
1575 319 1780 353 obmisimus.
1824 320 1954 363 copiam

89 395 197 426 autem
227 401 341 423 earum
372 388 521 422 hesitans
551 392 579 421 et
611 387 777 420 lmmiliter
802 388 896 430 juxta
928 391 1039 419 nostra
1075 389 1148 418 acta
1187 386 1311 430 petenti
1349 382 1482 416 indubie
1517 393 1594 415 snas
1633 380 1783 414 dabimus
1822 378 1953 412 cuilibet

89 462 266 498 expensas.
298 449 466 494 Cuiusque
496 452 601 482 eciam
632 449 670 481 ad
703 451 896 481 instanciam
928 448 1004 480 dieti
1041 447 1163 479 domini
1194 445 1322 479 Nicolai
1352 447 1454 490 partis
1484 445 1618 477 actricis
1656 447 1684 475 et
1727 443 1955 487 procuratoris

90 515 190 558 ipsius
219 523 258 545 ac
288 513 519 556 procuratorio
549 512 683 542 nomine
713 509 847 542 discreti
878 511 940 542 viri
972 508 1139 541 Bobdalus
1169 507 1209 540 de
1252 505 1467 539 tlieotonicali
1497 503 1656 548 Kinheyt.
1686 501 1859 535 Jolianues
1895 511 1954 534 seu

90 572 197 607 Janko
236 575 267 605 in
305 570 511 607 Bobrowka.
547 569 715 604 Micliabel
756 573 785 602 in
832 568 1000 602 Bobrovia
1040 568 1190 601 infcriori
1237 572 1269 600 et
1306 567 1474 611 Georgius
1514 568 1544 598 in
1584 563 1697 597 (lbecz
1735 562 1954 596 ecclesiarum

89 632 219 680 plebani
240 637 272 665 et
300 636 453 665 rectores
483 631 568 664 dicte
599 630 832 664 Olomucensis
862 630 1005 663 diocesis
1026 631 1223 661 auctoritate
1243 632 1355 661 nostra
1387 630 1451 659 imo
1482 628 1595 659 verius
1621 623 1802 669 apostolica
1832 625 1955 656 virtute

91 694 249 728 dictarum
272 693 442 726 literarum
474 691 732 737 apostolicarum
751 691 857 724 nobis.
880 696 911 723 ut
933 693 1143 736 prennittitun
1164 692 1429 734 presentatarum
1459 690 1488 720 in
1514 688 1618 719 nostri
1640 687 1862 730 presenciam,
1883 682 1956 716 aliis

90 755 194 789 literis
210 757 332 788 nostris
345 752 576 787 mediantibus.
589 752 708 785 dudum
722 755 946 797 peremptm·ie
963 762 1001 783 ac
1015 762 1078 784 uno
1091 761 1150 795 pro
1168 749 1270 783 tribus
1283 749 1391 782 edicto
1408 750 1521 780 moniti
1539 747 1662 792 pluries
1678 747 1766 778 citati
1779 745 1955 777 etevocati

90 815 230 850 fuissent
250 817 282 848 in
302 817 402 848 certis
423 818 455 847 et
470 815 704 859 peremptoriis
722 816 870 845 terminis
889 815 966 858 ipsis
985 815 1173 845 monicione
1190 813 1350 843 canonica
1368 820 1427 854 per
1444 819 1504 841 nos
1517 806 1654 852 prelixis
1670 816 1783 839 coram
1801 803 1957 846 nobis‚ut

89 875 218 922 prefate
238 879 351 921 partes
371 886 430 908 ree
449 873 650 908 nominibus.
673 873 790 918 quibus
811 884 923 918 supra.
945 873 1164 917 (pizuli-aginta
1187 882 1316 904 marcas
1337 879 1533 911 ¹<grossorum
1554 869 1769 913 pragensium
1793 866 1955 898 moravici

90 938 220 971 numeri
248 940 281 970 et
308 938 499 981 pagamenti
530 935 570 968 de
600 934 748 967 decimis.
779 945 838 978 per
867 934 1034 979 predictos
1064 933 1103 966 dc
1140 933 1226 965 facto
1264 931 1412 977 spoliatis
1438 929 1476 962 ad
1514 928 1690 961 ecclesiam
1728 925 1953 971 parochialem

90 999 122 1031 in
150 996 290 1031 Krisans
319 996 554 1030 Olomucensis
583 995 727 1028 diocesis
756 995 905 1040 predicte
935 999 965 1027 et
995 1005 1055 1039 per
1084 1004 1295 1037 consequens
1325 992 1363 1024 ad
1396 990 1559 1035 hospitale
1589 994 1619 1022 et
1650 990 1751 1033 ipsius
1789 996 1956 1032 pauperes

91 1069 130 1092 ac
167 1056 375 1092 miserabiles
409 1067 571 1102 personas
601 1055 678 1088 inibi
708 1056 870 1093 degentes
900 1066 938 1087 ac.
969 1059 1135 1087 rectorem
1152 1053 1331 1098 supradicti
1363 1051 1534 1096 hospitalis
1564 1049 1685 1083 dudum
1716 1046 1954 1093 spectantibus.

91 1123 145 1152 aut
172 1121 319 1164 ipsarum
349 1118 553 1151 decimarum
583 1116 798 1162 spoliatarum
830 1116 978 1148 valorem
1011 1118 1040 1148 in
1071 1114 1206 1160 prelixis
1238 1117 1314 1159 ipsis
1346 1115 1494 1145 terminis
1516 1110 1665 1156 predicte
1686 1111 1768 1154 parti
1792 1108 1860 1140 lcsc
1881 1107 1956 1140 sol-

90 1190 174 1213 vere
202 1181 380 1213 restituere
410 1179 490 1212 dare
507 1183 538 1211 et
568 1188 694 1223 pagare
723 1188 797 1209 cum
828 1176 945 1209 etl'ectu
977 1176 1149 1209 deberent.
1181 1186 1218 1207 ac
1249 1174 1289 1207 de
1320 1172 1461 1206 indebita
1493 1175 1648 1216 pretensa
1679 1174 1707 1201 et
1740 1171 1848 1213 iniqua
1870 1178 1955 1213 pre-

91 1240 251 1274 dictarum
283 1240 486 1273 decimarum
517 1238 649 1282 frugum
680 1241 894 1283 possessione
925 1242 954 1269 et
986 1238 1212 1281 occupacione
1243 1234 1365 1267 cedere
1395 1238 1470 1266 antc
1502 1232 1564 1264 litis
1604 1234 1790 1275 ingressum
1830 1239 1956 1273 supra-

92 1301 178 1335 dicte
207 1300 350 1334 ecclesie
381 1303 411 1333 in
441 1299 579 1333 Krisans
609 1303 637 1331 et
670 1298 822 1343 hospitali
854 1310 890 1329 ae
922 1300 1067 1342 ipsorum
1099 1295 1285 1329 rectoribus
1316 1295 1461 1335 legitime
1492 1292 1650 1325 deberent
1679 1295 1707 1323 et
1747 1293 1953 1323 tenet-entim

91 1365 146 1396 aut
173 1364 205 1395 in
234 1360 371 1407 prolixis
401 1362 548 1394 terminis
579 1359 726 1405 partibusv
757 1362 821 1391 reis
852 1370 924 1391 cnm
956 1357 1108 1390 omnibus
1138 1362 1167 1390 ct
1198 1355 1337 1397 siim-ulis
1366 1358 1434 1387 suis
1460 1353 1589 1397 juribus
1620 1351 1804 1397 privilegiis
1826 1353 1955 1383 instru-

92 1425 210 1457 mentis
248 1421 462 1468 processibus
501 1423 711 1454 munimcntis
749 1425 777 1452 et
818 1422 991 1452 autenticis
1021 1422 1089 1451 suis
1119 1429 1219 1463 super
1249 1415 1436 1449 huiusmodi
1468 1414 1624 1459 predictis
1656 1412 1786 1455 frug-um
1818 1411 1957 1444 decimis

92 1482 340 1529 quomodolibet
369 1482 488 1516 habitis
518 1493 715 1527 comparere
745 1485 773 1513 et
805 1481 952 1518 alls-Qare
984 1479 1088 1512 verbo
1119 1478 1173 1511 vel
1202 1481 1232 1510 in
1263 1479 1394 1522 scriptis
1425 1486 1536 1508 eoram
1569 1473 1663 1507 nobis
1694 1475 1724 1506 in
1754 1472 1841 1505 dieto
1881 1476 1955 1504 ter-

92 1546 180 1578 mino
209 1543 446 1577 racionabilem
476 1548 506 1576 et
537 1542 757 1576 racionabiles
788 1552 921 1574 eausam
952 1546 980 1573 et
1013 1551 1143 1575 causas„
1174 1550 1232 1572 cur
1262 1542 1291 1571 et
1322 1549 1425 1582 qnare
1456 1547 1519 1569 non
1552 1535 1664 1567 l'aeere
1693 1533 1840 1579 predicta
1863 1537 1895 1565 et
1915 1531 1953 1565 ad

93 1607 334 1639 execucionem
373 1615 487 1637 earum
527 1614 603 1637 esse
641 1605 764 1636 astricti
807 1605 939 1634 minime
976 1605 1181 1634 tenerentur.
1220 1598 1416 1645 prefateque
1447 1601 1557 1642 partes
1589 1607 1646 1628 ree
1677 1599 1705 1627 et
1737 1593 1955 1627 ecclesiarum

93 1665 223 1712 plebani
252 1665 430 1711 supradicti
461 1665 501 1698 ad
531 1669 563 1697 et
591 1675 692 1709 super
721 1668 870 1708 quartam
902 1662 1017 1695 seriam
1049 1666 1118 1707 post
1151 1661 1362 1693 dominicam.
1394 1670 1456 1703 qua
1488 1660 1516 1690 in
1549 1657 1600 1689 dei
1632 1655 1775 1688 ecelesia
1806 1658 1958 1686 cantatur

95 1725 260 1771 „Jubilate
299 1726 386 1759 (100ἐς
429 1730 492 1759 etc.
533 1729 671 1770 protunc
711 1728 904 1768 sequentem
937 1727 964 1755 et
1005 1733 1109 1768 nuper
1149 1722 1308 1766 elapsann
1346 1720 1571 1765 peu-emptorie
1611 1728 1670 1762 per
1700 1727 1760 1748 nos
1790 1717 1878 1747 citati
1916 1714 1955 1746 ad

48 1827 54 1832 ,
92 1787 242 1834 predicte
283 1789 386 1833 partis
422 1789 615 1820 instanciam
655 1786 785 1819 fuerunt
819 1786 856 1818 ad
889 1783 1155 1830 respondendum
1188 1781 1312 1814 debere
1343 1780 1451 1813 libello
1481 1778 1622 1824 quedam
1654 1776 1734 1823 (sic)
1765 1787 1823 1821 per
1853 1775 1958 1807 dictas

93 1853 205 1894 partes
233 1847 344 1882 oblato
374 1852 405 1881 et
430 1849 515 1891 jtlris
544 1847 660 1880 ordine
691 1846 800 1880 debite
830 1846 1011 1879 observato
1042 1844 1079 1876 ad
1110 1843 1268 1876 ulteriora
1300 1841 1371 1874 l'ore
1401 1845 1428 1873 ct
1461 1851 1538 1872 esse
1568 1837 1831 1884 procedendum.
1862 1839 1959 1880 prout

93 1911 223 1943 notorie
262 1914 294 1943 et
329 1909 504 1942 manifeste
542 1913 680 1954 apparet
718 1911 747 1941 in
788 1908 889 1941 literis
924 1909 1045 1939 nostris
1076 1905 1220 1949 desuper
1249 1914 1307 1948 per
1337 1901 1498 1935 consectis
1529 1904 1558 1931 et
1590 1900 1751 1931 emanatis
1782 1901 1812 1929 et
1843 1895 1958 1938 sigillis

94 1975 311 2004 executurum
350 1969 537 2003 huiusmodi
576 1970 696 2002 clarius
733 1970 948 2005 consignans.
1007 1965 1043 1999 Et
1085 1964 1202 2010 quibus
1246 1965 1393 1995 terminis
1437 1959 1584 2006 partibus
1624 1959 1781 2004 predictis
1821 1956 1958 2002 prelixis

94 2031 241 2076 legitime
269 2030 537 2073 advenientibus„
568 2030 662 2063 nobis
692 2041 766 2063 cnm
805 2031 932 2062 notario
970 2030 1092 2059 actori>-
1137 2024 1289 2057 tribunali
1319 2021 1510 2056 sedentibus
1551 2024 1580 2053 in
1616 2019 1753 2063 jndicio.
1796 2017 1958 2050 llenricus

94 2090 287 2126 Hawswatd
317 2096 517 2137 procurator
546 2092 712 2135 legitimus
743 2090 891 2136 predicte
930 2091 1031 2134 partis
1070 2089 1201 2119 actricis
1241 2085 1388 2123 lemniae
1418 2084 1600 2127 comparuit
1633 2085 1663 2113 et
1694 2079 1850 2124 predictis
1893 2079 1959 2110 reis

94 2151 242 2197 partibus
270 2155 303 2186 in
332 2152 469 2198 prefixis
499 2155 648 2185 terminis
686 2140 818 2185 minime
848 2162 909 2183 nec
940 2160 998 2194 per
1028 2160 1063 2180 se
1094 2158 1155 2180 nec
1185 2157 1262 2179 suos
1297 2149 1407 2177 certos
1447 2147 1477 2175 et
1518 2142 1684 2182 legitimos
1722 2143 1959 2185 procuratores

95 2213 376 2259 comparentibus,
407 2217 552 2259 ipsarum
583 2224 715 2246 reorum
745 2215 890 2258 parcium
923 2213 968 2243 >ie
1010 2220 1073 2242 non
1113 2208 1381 2251 eomparent-ium
1422 2205 1663 2236 contumaciam
1687 2211 1759 2233 cum
1799 2201 1958 2231 instancia

95 2277 265 2308 accusavit
295 2279 328 2308 et
356 2279 492 2320 propter
509 2274 590 2308 alias
615 2277 744 2319 priores
766 2272 961 2318 multiplices
983 2271 1209 2303 contumacias
1231 2270 1375 2312 ipsarum
1398 2264 1619 2310 predictarum
1643 2272 1773 2294 rearum
1798 2262 1957 2305 parcium.

95 2337 126 2368 in
169 2345 251 2380 quas
286 2338 529 2369 contumaciter
567 2334 688 2368 dudum
729 2337 951 2367 incurrerunt.
993 2335 1087 2376 prout
1127 2332 1155 2361 in
1188 2330 1270 2360 actis
1300 2328 1420 2359 nostris
1450 2324 1578 2369 plenius
1616 2324 1816 2355 continetur.
1847 2330 1889 2352 nc
1919 2319 1959 2352 de

95 2398 242 2441 ipsorum
271 2395 502 2429 inobediencia
532 2396 669 2439 gloriari
699 2395 845 2435 vais—nni,
879 2395 995 2438 petivit
1020 2393 1115 2435 juxta
1137 2391 1222 2431 juris
1253 2388 1413 2420 ordinem.
1446 2389 1556 2430 partes
1586 2384 1723 2424 ciavari
1754 2390 1957 2413 excommu—

95 2459 199 2490 nicari
235 2461 265 2490 et
304 2457 529 2490 denuncciari.
569 2461 632 2489 tam
672 2456 725 2488 din
756 2456 934 2488 monicioni
972 2457 1085 2485 nostre
1122 2452 1283 2495 premisse
1321 2458 1394 2480 cum
1434 2446 1550 2478 ell'ectu
1590 2453 1710 2488 parere
1748 2447 1780 2474 et
1822 2439 1959 2472 obedire
1997 2456 1999 2458 ·

96 2521 289 2551 curaverint
317 2522 348 2551 et
379 2517 487 2551 libello
525 2517 636 2551 oblato
665 2517 812 2559 legitime
843 2514 1086 2559 responderint.
1120 2511 1187 2543 Nos
1216 2508 1387 2541 Jaroslaus
1417 2506 1517 2539 abbas
1548 2507 1770 2537 conservator
1799 2506 1829 2534 ct
1853 2501 1959 2544 judex

96 2579 306 2625 supradictus
343 2579 607 2619 considerantes,
647 2576 732 2622 quod
767 2577 856 2619 justa
895 2572 1082 2619 petentibus
1125 2582 1188 2603 non
1232 2573 1319 2602 esset
1368 2566 1584 2602 denegandus
1627 2573 1797 2598 assensus,
1842 2560 1958 2607 prefati

97 2639 231 2674 Henrici
269 2641 495 2685 procuratoris
533 2641 732 2683 peticionem
772 2641 848 2669 tunc
876 2635 1093 2667 *admissimus
1133 2636 1286 2674 tanquam
1319 2630 1384 2671 juri
1437 2635 1618 2659 consonam
1650 2628 1681 2656 et
1717 2626 1959 2666 congruentem

97 2704 243 2747 ipsarum
273 2699 494 2746 predictarum
526 2708 656 2730 rcarmn
687 2699 834 2742 parcium
865 2694 1142 2728 inolwdienciam.
1174 2702 1237 2735 que
1268 2691 1384 2721 merito
1415 2691 1462 2719 est
1494 2684 1678 2731 plectenda.
1710 2686 1814 2716 eciam
1846 2686 1960 2715 atten-

1777 2739 1835 2771 17³*
