2313 3090
1010 226 1077 259 147

108 327 280 360 valeamus
319 327 359 360 de
397 328 547 361 remedio
586 330 704 372 quietis
735 333 765 361 et
795 332 984 363 securitatis
1023 330 1215 375 providere.
1254 333 1325 364 sine
1365 330 1482 376 quihus
1520 332 1718 377 plerumque
1749 337 1781 366 et
1809 336 1891 378 ipsa.
1923 345 1982 379 per

107 397 203 432 quam
233 388 322 421 salus
351 391 544 433 acquiritur,
575 389 718 422 devocio
749 390 951 435 prepeditur.
984 390 1074 424 Sane
1097 393 1197 436 igitur
1217 391 1426 425 attendentes
1446 392 1669 437 periculosam
1691 404 1766 426 esse
1788 397 1981 428 monasterii

105 451 311 483 vicinitatem
333 451 458 483 civitati
487 454 602 483 nostre
632 449 863 484 Lanezkrone.
894 462 998 497 prope
1029 455 1122 485 cuius
1152 462 1266 485 muros
1296 455 1327 486 in
1358 452 1516 486 suburbio
1546 456 1642 486 situm
1673 458 1745 487 erat
1773 459 1805 487 et
1834 458 1979 488 maxime

106 508 302 543 instantibus
331 512 489 554 gwerris*
519 520 583 554 que
612 512 644 543 in
674 514 796 544 nostris
824 511 973 556 partibus
1003 512 1075 556 plus
1104 512 1201 546 solito
1231 513 1444 546 invaluerunt
1480 513 1541 547 hiis
1572 514 1788 559 temporibus„
1820 515 1906 559 quod
1937 527 1979 549 ex

105 572 177 616 ipso
215 573 418 603 monasterio
457 576 593 615 propter
630 574 732 616 ipsius
762 572 800 605 ad
831 583 945 605 muros
974 575 1116 606 civitatis
1154 576 1433 618 propingmtatem
1473 585 1648 620 possemus
1689 576 1843 609 facillime
1873 579 1976 622 ipsam

106 633 273 664 civitatem
314 632 469 676 perdere.
509 632 595 677 quod
634 632 729 666 nobis
765 638 794 666 et
835 634 978 667 ecclesie
1008 638 1123 667 nostro
1153 634 1409 669 Luthomislensi
1440 636 1616 681 dampnum
1649 641 1739 670 esset.
1766 637 1977 683 inportabile*

105 691 238 725 obtenta
255 695 345 738 prius
368 693 499 726 litencia
525 704 541 726 a
565 696 784 727 sanccissimo
802 697 831 727 in
849 693 981 727 Christo
1002 699 1095 740 patre
1111 699 1143 727 et
1159 695 1305 731 domino,
1330 695 1463 729 domino
1482 695 1654 730 Bonit'acio
1671 698 1826 743 pontifice
1847 710 1976 732 summo

104 757 219 786 sancte
247 753 337 786 sedis
367 753 520 787 Romane
541 764 624 799 papa
646 765 746 789 nono.
769 754 880 787 habito
902 758 1007 788 eciam
1029 766 1197 788 consensu
1218 755 1452 800 religiosorum
1476 759 1623 790 virorum
1646 757 1782 792 Henrici
1804 762 1975 804 prepositi.

104 811 266 847 Johannis
304 817 424 859 prioris
468 819 498 848 et
528 817 634 848 tocius
664 819 851 848 conventus
880 815 1019 861 predicti
1050 818 1242 848 monasterii
1273 816 1455 849 incolarum
1486 820 1591 862 ipsun]
1622 821 1653 851 in
1674 818 1832 853 suburbio
1854 831 1976 854 mona-

103 876 240 907 sterium
262 875 488 908 destruximus
509 879 539 908 et
561 875 601 908 ad
623 875 800 909 ecclesiam
832 875 1075 921 parrochialem
1107 879 1137 909 in
1168 877 1284 910 eadem
1315 880 1449 911 civitate
1479 882 1587 914 sitam*
1617 882 1707 924 prius
1729 884 1838 913 tamen
1868 881 1974 914 eidem

103 938 306 969 monasterio
335 939 534 969 anctoritate
553 936 703 981 predicte
724 936 813 969 sedis
842 937 1025 982 apostolice
1054 940 1177 970 unitam
1207 942 1238 970 et
1266 941 1513 983 incorporatam
1535 940 1762 974 transtulimus
1783 946 1811 974 et
1834 942 1973 975 eandem

101 995 278 1029 ecclesiam
297 995 543 1042 parrochialem
564 999 773 1030 sanctissime
796 1000 936 1042 virginis
964 997 1071 1031 Mai-ie
1100 1001 1131 1030 in
1161 1001 1399 1032 monasterium
1430 1002 1612 1034 ereximus.
1643 1005 1727 1034 tacta
1757 1004 1820 1035 iam
1852 1007 1974 1036 aucto-

102 1058 197 1089 ritate
226 1057 408 1102 apostolica
438 1062 616 1091 annuente.
672 1057 734 1091 Ubi
764 1061 839 1102 quia
869 1058 961 1091 locus
988 1058 1183 1091 habitaculis
1211 1058 1419 1104 officinisque
1449 1060 1684 1105 religioffl‘irum
1715 1065 1778 1095 iam
1810 1063 1972 1096 (lictorum

102 1119 253 1150 virorum
283 1128 349 1151 non
379 1123 451 1152 erat
480 1117 662 1152 sufficiens.
693 1119 940 1164 perpendentes
971 1130 1031 1152 eos
1060 1119 1101 1152 ob
1131 1120 1308 1153 comodum
1339 1125 1369 1153 et
1409 1124 1622 1154 securitatem
1662 1122 1792 1167 prefate
1830 1126 1973 1158 civitatis

102 1182 216 1211 nostre
251 1178 291 1212 ad
329 1189 530 1212 consensum
570 1179 610 1212 de
648 1179 847 1224 deponendo
877 1191 936 1224 per
965 1190 1026 1213 nos
1055 1182 1201 1225 ipsorum
1233 1184 1436 1215 monasterio
1467 1182 1602 1215 multum
1632 1182 1735 1216 fnisse
1765 1183 1972 1218 voluntarios

102 1242 135 1271 et
160 1243 309 1284 paratos.
338 1239 415 1272 licet
444 1239 520 1273 inde
549 1239 697 1285 pluribus
728 1240 888 1285 implicari
918 1251 954 1273 se
982 1251 1048 1274 non
1078 1240 1266 1274 dubitarent
1286 1241 1471 1275 incomodis
1491 1247 1590 1288 atque
1612 1243 1774 1289 dampnis,
1797 1244 1972 1289 prehabito

101 1301 192 1345 prius
228 1311 330 1345 super
367 1299 431 1334 hoc
465 1303 610 1334 civitatis
647 1301 796 1334 eiusdem
831 1301 952 1344 judicis
983 1304 1172 1346 civiumque
1197 1302 1384 1345 juratorum
1416 1312 1583 1336 consensu
1614 1308 1645 1336 et
1675 1304 1813 1337 consilio
1843 1310 1970 1350 septem

102 1360 318 1394 domunculas
355 1361 558 1406 parrochiali
597 1362 742 1396 ecclesie
777 1365 905 1395 vicinas
947 1364 1072 1395 civitati
1104 1366 1213 1395 tamen
1245 1365 1351 1395 minus
1380 1363 1477 1396 utiles
1507 1363 1627 1409 deponi
1667 1364 1873 1402 admisimus,
1911 1378 1971 1411 pro

101 1432 180 1455 area
210 1421 306 1455 dietis
334 1423 398 1455 iam
430 1422 571 1456 dominis
600 1423 798 1468 amplianda.
857 1422 1003 1463 Quarum
1035 1425 1174 1468 primam
1203 1423 1396 1468 possidebat
1436 1423 1553 1457 Petrus
1590 1424 1767 1469 Lengwalt
1805 1438 1971 1461 censuans

101 1482 142 1516 de
170 1482 278 1516 media
307 1494 420 1517 marca
450 1494 549 1516 unum
579 1494 756 1528 grossum;
785 1484 966 1517 secundam
997 1483 1130 1516 tenebat
1154 1482 1249 1529 Nycz
1267 1483 1422 1517 Scheller
1442 1496 1608 1518 censuans
1629 1486 1669 1519 de
1694 1485 1709 1518 'l
1736 1497 1848 1520 marca
1869 1498 1968 1520 unum

100 1552 269 1587 grossum,
299 1544 340 1577 de
368 1547 472 1578 tercia
501 1543 711 1578 Theodricus
740 1544 815 1578 Hok
845 1544 1026 1577 censuabat
1056 1544 1096 1577 ‹le
1126 1555 1190 1577 uno
1221 1544 1351 1578 fertone
1387 1545 1398 1578 l
1432 1556 1509 1589 gez
1540 1545 1580 1579 dc
1619 1551 1735 1591 quarta
1774 1546 1969 1594 Gramlibyn

99 1603 199 1637 vidua
233 1603 388 1638 solvebat
423 1605 464 1638 de
499 1616 565 1638 uno
604 1605 735 1639 fertone
778 1605 787 1639 l
823 1617 875 1648 gr.
913 1605 953 1638 de
983 1608 1094 1650 quinta
1123 1604 1295 1638 Johannes
1327 1604 1482 1638 Schuller
1511 1605 1665 1640 solvebat
1695 1606 1736 1640 de
1765 1606 1868 1641 tribus
1898 1608 1971 1642 fer-

99 1663 231 1699 tonihus
259 1664 290 1699 ΙΙ
317 1675 391 1710 gr.;
420 1670 516 1700 sexta
556 1666 674 1700 domus
714 1666 898 1700 Thamonis
936 1665 1090 1699 solvebat
1128 1665 1168 1698 de
1208 1665 1223 1698 1
1268 1676 1379 1699 marca
1410 1677 1509 1699 unmn
1548 1678 1623 1711 ἕνα,
1666 1670 1806 1712 septiina
1851 1669 1969 1703 domus

98 1724 265 1759 Neudikin
294 1726 395 1760 vidue
423 1726 577 1760 solvebat
605 1727 646 1760 de
675 1738 740 1760 uno
771 1728 901 1760 fertone
937 1726 947 1759 l
983 1738 1034 1767 gr.
1092 1725 1130 1759 Et
1161 1725 1225 1759 hoe
1254 1731 1410 1771 quantum
1450 1738 1510 1772 pro
1549 1739 1613 1760 nno
1654 1739 1775 1761 census
1814 1733 1967 1763 termino.

44 1815 50 1820 .
98 1796 174 1819 nam
198 1789 426 1832 unusquisque
455 1798 569 1821 eorum
601 1788 802 1821 tantumdem
833 1787 985 1821 solvebat
1013 1789 1154 1820 termino
1175 1798 1235 1831 pro
1256 1787 1412 1820 secundo.
1436 1786 1562 1828 Quibus
1583 1788 1722 1832 singulis
1742 1789 1781 1821 ad
1804 1800 1964 1823 smnmam

98 1847 244 1881 reductis
272 1858 338 1881 non
367 1848 439 1894 plus
468 1851 682 1882 inveniuntur
711 1859 808 1894 quam
840 1848 900 1882 ΧΠ
929 1860 1069 1892 grossos
1098 1859 1158 1893 per
1186 1858 1307 1880 annum
1333 1859 1450 1881 omnes
1476 1849 1529 1881 ille
1550 1849 1748 1882 domum-ule
1769 1861 1963 1884 eensuasse.

97 1906 149 1941 Ne
187 1912 297 1942 tamen
333 1914 365 1942 et
403 1911 433 1942 in
470 1909 534 1943 hoc
572 1910 703 1943 modico
741 1915 795 1942 ant
837 1913 867 1943 in
906 1911 1024 1954 quovis
1063 1909 1126 1941 alio
1156 1911 1280 1942 civitati
1320 1909 1544 1954 preludicaret
1572 1912 1635 1943 iam
1666 1909 1742 1943 dicti
1772 1914 1966 1944 monasterii

96 1968 287 2012 translacio7
318 1980 377 2015 pro
407 1973 688 2015 compensaeione
719 1981 839 2003 census
869 1970 1049 2003 earundem
1077 1968 1349 2001 ‹lonnnicularum
1381 1974 1411 2002 et
1441 1980 1514 2002 eum
1537 1969 1601 2002 hoc
1621 1970 1827 2007 generaliter
1847 1982 1965 2004 omnes

95 2031 169 2062 sive
198 2032 283 2063 intra
313 2041 372 2064 seu
402 2035 497 2064 extra
528 2031 643 2064 urbem
673 2034 748 2065 sint.
780 2042 839 2076 pro
869 2030 986 2076 quibus
1016 2032 1141 2063 civitati
1172 2040 1215 2062 ex
1247 2033 1339 2074 parte
1361 2032 1464 2074 ipsius
1485 2033 1678 2063 monasterii
1701 2033 1783 2063 iusta
1805 2034 1965 2076 potuisset

96 2093 151 2123 aut
179 2095 293 2136 posset
321 2096 515 2136 competere
544 2092 746 2126 satisl'accio.
777 2093 1005 2125 ordinavimus
1035 2094 1064 2123 ei
1095 2095 1162 2124 tres
1192 2090 1341 2123 fertones
1366 2102 1562 2127 grossorum
1586 2102 1644 2135 pro
1667 2102 1768 2124 censu
1791 2096 1964 2136 perpetuo.

96 2152 183 2195 quod
213 2154 262 2185 sic
291 2156 390 2197 patet.
421 2151 648 2187 Predecessor
676 2164 820 2198 namque
850 2158 964 2186 noster
993 2151 1078 2185 bone
1108 2151 1358 2184 recordacionis
1380 2151 1531 2183 dominus
1553 2150 1669 2183 Petrus
1689 2151 1765 2184 olim
1789 2154 1965 2197 episcopus

95 2210 370 2246 Luthomislensis
399 2224 438 2247 ac
467 2196 615 2247 eiusdem
647 2214 801 2247 fundator
831 2216 1022 2246 monasterii
1044 2216 1236 2258 perpetuam
1268 2214 1316 2244 sni
1348 2214 1542 2244 memoriam
1573 2212 1679 2244 eidem
1711 2215 1834 2245 civitati
1865 2224 1964 2246 eom-

96 2273 255 2306 mendare
293 2276 442 2319 cupiens.
482 2286 579 2307 unam
619 2285 824 2317 sexagenam
865 2284 1062 2312 «grossorum
1102 2275 1250 2317 perpetui
1290 2283 1410 2304 census
1449 2283 1509 2316 pro
1548 2272 1663 2305 ‹leeem
1703 2275 1885 2312 sexagenis
1923 2273 1963 2306 ab

96 2332 213 2366 eadem
257 2336 392 2367 civitate
434 2339 652 2380 comparavit„
700 2338 793 2368 cuius
836 2335 1125 2380 ‹lispensacionem
1169 2333 1309 2365 fiendam
1358 2332 1565 2377 disposuerat
1613 2336 1643 2365 in
1689 2333 1775 2365 hune
1819 2334 1962 2366 modum.

95 2392 269 2427 chebant
308 2397 395 2427 enim
434 2398 576 2428 civitatis
616 2396 764 2428 eiusdem
804 2399 896 2429 cives
936 2399 966 2428 in
1006 2395 1090 2427 festo
1129 2398 1318 2426 sanctorum
1351 2393 1487 2438 Philippi
1526 2397 1554 2425 et
1585 2393 1701 2426 Jaeobi
1737 2394 1962 2438 apostolorum

94 2464 155 2499 pro
184 2454 301 2488 eadem
331 2466 503 2499 sexagena
534 2455 594 2489 llll
626 2468 705 2489 vasa
737 2460 902 2489 cerevisie
933 2467 1058 2489 emere.
1090 2466 1187 2487 nnmn
1212 2454 1366 2498 qnodque
1388 2465 1448 2486 vas
1480 2464 1538 2498 pro
1570 2454 1700 2486 l'ertone
1730 2455 1962 2499 computando.

95 2525 236 2559 quorum
266 2515 331 2548 duo
361 2526 441 2548 vasa
472 2519 531 2561 ipsi
563 2521 765 2550 monasterio
796 2521 1010 2550 constituerat
1043 2518 1239 2561 presentari.
1271 2519 1368 2558 atque
1390 2514 1451 2547 alia
1473 2514 1537 2546 ‹luo
1559 2518 1587 2546 ut
1612 2526 1671 2559 per
1692 2518 1961 2548 connminitatem

95 2585 277 2620 pauperum
308 2580 339 2608 et
369 2576 506 2609 divitum
533 2578 695 2619 juvenum
726 2589 764 2610 ac
795 2589 909 2611 senum
941 2581 971 2611 in
1002 2577 1110 2610 medio
1146 2578 1289 2608 civitatis
1330 2574 1501 2607 debuerint
1543 2577 1682 2619 epotari.
1741 2574 1778 2607 Et
1818 2578 1891 2619 quia
1931 2578 1960 2608 in

95 2635 148 2668 tali
177 2639 353 2681 potacione
383 2637 468 2669 nulla
500 2637 668 2681 disciplina
700 2638 874 2682 nullusque
903 2637 1102 2671 servabatur
1131 2636 1224 2669 ordo.
1256 2638 1331 2679 quin
1361 2637 1475 2679 pocius
1505 2645 1569 2666 nno
1590 2637 1790 2668 cerevisiam
1812 2639 1961 2680 rapiente

94 2706 154 2741 pre
183 2696 254 2729 aliis
283 2696 478 2741 plerumque
509 2696 675 2730 homicidii
706 2698 886 2743 periculum
918 2698 992 2731 inde
1023 2700 1099 2730 oriri
1135 2695 1321 2729 timebatur.
1361 2706 1423 2728 nec
1460 2699 1523 2727 tam
1550 2706 1610 2740 per
1648 2697 1737 2740 ipsos
1767 2698 1961 2744 eivesterat

1801 2758 1855 2782 10³³:-
