<?xml version="1.0" encoding="UTF-8"?>
<!DOCTYPE html PUBLIC "-//W3C//DTD XHTML 1.0 Transitional//EN"
    "http://www.w3.org/TR/xhtml1/DTD/xhtml1-transitional.dtd">
<html xmlns="http://www.w3.org/1999/xhtml" xml:lang="en" lang="en">
 <head>
  <title>
</title>
<meta http-equiv="Content-Type" content="text/html;charset=utf-8" />
  <meta name='ocr-system' content='tesseract 3.04.00' />
  <meta name='ocr-capabilities' content='ocr_page ocr_carea ocr_par ocr_line ocrx_word'/>
</head>
<body>
  <div class='ocr_page' id='page_1' title='image "./codexdiplomaticu12morauoft_0111.png"; bbox 0 0 2313 3090; ppageno 0'>
   <div class='ocr_carea' id='block_1_1' title="bbox 1010 168 1057 202">
    <p class='ocr_par' dir='ltr' id='par_1_1' title="bbox 1010 168 1057 202">
     <span class='ocr_line' id='line_1_1' title="bbox 1010 168 1057 202; baseline -0.021 0"><span class='ocrx_word' id='word_1_1' title='bbox 1010 168 1057 202; x_wconf 84' lang='lat'>95</span> 
     </span>
    </p>
   </div>
   <div class='ocr_carea' id='block_1_2' title="bbox 930 218 1138 223">
    <p class='ocr_par' dir='ltr' id='par_1_2' title="bbox 930 218 1138 223">
     <span class='ocr_line' id='line_1_2' title="bbox 930 218 1138 223; baseline 0 0"><span class='ocrx_word' id='word_1_2' title='bbox 930 218 1138 223; x_wconf 95' lang='lat' dir='ltr'> </span> 
     </span>
    </p>
   </div>
   <div class='ocr_carea' id='block_1_3' title="bbox 994 315 1096 350">
    <p class='ocr_par' dir='ltr' id='par_1_3' title="bbox 994 315 1096 350">
     <span class='ocr_line' id='line_1_3' title="bbox 994 315 1096 350; baseline 0 0"><span class='ocrx_word' id='word_1_3' title='bbox 994 315 1096 350; x_wconf 73' lang='lat'>11⁶2.</span> 
     </span>
    </p>
   </div>
   <div class='ocr_carea' id='block_1_4' title="bbox 98 392 1967 489">
    <p class='ocr_par' dir='ltr' id='par_1_4' title="bbox 98 392 1967 489">
     <span class='ocr_line' id='line_1_4' title="bbox 98 392 1967 439; baseline 0.001 -11"><span class='ocrx_word' id='word_1_4' title='bbox 98 393 289 438; x_wconf 71' lang='lat' dir='ltr'>Markyraf</span> <span class='ocrx_word' id='word_1_5' title='bbox 311 392 448 438; x_wconf 72' lang='lat' dir='ltr'>Proltop</span> <span class='ocrx_word' id='word_1_6' title='bbox 479 395 613 438; x_wconf 75' lang='lat' dir='ltr'>quiltirt</span> <span class='ocrx_word' id='word_1_7' title='bbox 642 394 704 427; x_wconf 79' lang='lat' dir='ltr'>den</span> <span class='ocrx_word' id='word_1_8' title='bbox 736 393 962 438; x_wconf 51' lang='lat' dir='ltr'>illarlsyrafeu</span> <span class='ocrx_word' id='word_1_9' title='bbox 993 393 1106 427; x_wconf 63' lang='grc' dir='ltr'><strong>1011υῆ-</strong></span> <span class='ocrx_word' id='word_1_10' title='bbox 1136 394 1219 428; x_wconf 74' lang='lat' dir='ltr'>uber</span> <span class='ocrx_word' id='word_1_11' title='bbox 1249 395 1311 428; x_wconf 81' lang='lat' dir='ltr'>deu</span> <span class='ocrx_word' id='word_1_12' title='bbox 1334 394 1507 439; x_wconf 69' lang='lat' dir='ltr'>Empfany</span> <span class='ocrx_word' id='word_1_13' title='bbox 1537 395 1596 428; x_wconf 81' lang='lat' dir='ltr'>des</span> <span class='ocrx_word' id='word_1_14' title='bbox 1625 408 1651 429; x_wconf 84' lang='lat' dir='ltr'>s.</span> <span class='ocrx_word' id='word_1_15' title='bbox 1690 394 1967 429; x_wconf 68' lang='lat' dir='ltr'>ll&#39;enz-el-Zlns-</span> 
     </span>
     <span class='ocr_line' id='line_1_5' title="bbox 297 453 1758 489; baseline 0.002 -3"><span class='ocrx_word' id='word_1_16' title='bbox 297 455 459 487; x_wconf 77' lang='lat' dir='ltr'>termines</span> <span class='ocrx_word' id='word_1_17' title='bbox 491 465 553 487; x_wconf 77' lang='lat' dir='ltr'>con</span> <span class='ocrx_word' id='word_1_18' title='bbox 584 454 658 488; x_wconf 78' lang='lat'>200</span> <span class='ocrx_word' id='word_1_19' title='bbox 688 453 825 488; x_wconf 68' lang='lat' dir='ltr'>Selzoclf</span> <span class='ocrx_word' id='word_1_20' title='bbox 857 454 1043 488; x_wconf 72' lang='lat' dir='ltr'>Grosclten.</span> <span class='ocrx_word' id='word_1_21' title='bbox 1076 454 1134 488; x_wconf 84' lang='lat' dir='ltr'>Dt.</span> <span class='ocrx_word' id='word_1_22' title='bbox 1169 454 1301 488; x_wconf 71' lang='lat' dir='ltr'>Olmutz-</span> <span class='ocrx_word' id='word_1_23' title='bbox 1330 456 1389 489; x_wconf 79' lang='lat'>25.</span> <span class='ocrx_word' id='word_1_24' title='bbox 1423 455 1617 489; x_wconf 64' lang='lat' dir='ltr'>November</span> <span class='ocrx_word' id='word_1_25' title='bbox 1648 455 1758 489; x_wconf 76' lang='lat'><em>1392.</em></span> 
     </span>
    </p>
   </div>
   <div class='ocr_carea' id='block_1_5' title="bbox 96 529 1966 1141">
    <p class='ocr_par' dir='ltr' id='par_1_5' title="bbox 96 529 1966 1141">
     <span class='ocr_line' id='line_1_6' title="bbox 252 529 1966 597; baseline 0.001 -14"><span class='ocrx_word' id='word_1_26' title='bbox 252 529 341 584; x_wconf 69' lang='lat' dir='ltr'>Nos</span> <span class='ocrx_word' id='word_1_27' title='bbox 362 548 544 596; x_wconf 81' lang='lat' dir='ltr'>Procopius</span> <span class='ocrx_word' id='word_1_28' title='bbox 571 549 623 583; x_wconf 90' lang='lat' dir='ltr'>dei</span> <span class='ocrx_word' id='word_1_29' title='bbox 644 552 758 594; x_wconf 81' lang='lat' dir='ltr'>gracia</span> <span class='ocrx_word' id='word_1_30' title='bbox 790 548 939 582; x_wconf 89' lang='lat' dir='ltr'>marchio</span> <span class='ocrx_word' id='word_1_31' title='bbox 961 548 1114 583; x_wconf 85' lang='lat' dir='ltr'>Moravie</span> <span class='ocrx_word' id='word_1_32' title='bbox 1135 550 1392 584; x_wconf 79' lang='lat' dir='ltr'>notumfacimus</span> <span class='ocrx_word' id='word_1_33' title='bbox 1413 555 1530 585; x_wconf 88' lang='lat' dir='ltr'>tenore</span> <span class='ocrx_word' id='word_1_34' title='bbox 1551 554 1763 597; x_wconf 88' lang='lat' dir='ltr'>presencium</span> <span class='ocrx_word' id='word_1_35' title='bbox 1786 554 1966 593; x_wconf 69' lang='lat' dir='ltr'>universis,</span> 
     </span>
     <span class='ocr_line' id='line_1_7' title="bbox 102 609 1966 656; baseline 0 -11"><span class='ocrx_word' id='word_1_36' title='bbox 102 611 189 656; x_wconf 92' lang='lat' dir='ltr'>quod</span> <span class='ocrx_word' id='word_1_37' title='bbox 218 611 352 644; x_wconf 89' lang='lat' dir='ltr'>illustris</span> <span class='ocrx_word' id='word_1_38' title='bbox 381 614 537 656; x_wconf 86' lang='lat' dir='ltr'>princeps</span> <span class='ocrx_word' id='word_1_39' title='bbox 567 609 718 643; x_wconf 88' lang='lat' dir='ltr'>dominus</span> <span class='ocrx_word' id='word_1_40' title='bbox 747 609 908 653; x_wconf 70' lang='lat' dir='ltr'>Jodocus7</span> <span class='ocrx_word' id='word_1_41' title='bbox 949 609 1096 643; x_wconf 84' lang='lat' dir='ltr'>marchio</span> <span class='ocrx_word' id='word_1_42' title='bbox 1127 615 1157 644; x_wconf 88' lang='lat' dir='ltr'>et</span> <span class='ocrx_word' id='word_1_43' title='bbox 1197 611 1348 645; x_wconf 89' lang='lat' dir='ltr'>dominus</span> <span class='ocrx_word' id='word_1_44' title='bbox 1378 611 1544 648; x_wconf 75' lang='lat' dir='ltr'>Moravie.</span> <span class='ocrx_word' id='word_1_45' title='bbox 1574 611 1678 645; x_wconf 87' lang='lat' dir='ltr'>frater</span> <span class='ocrx_word' id='word_1_46' title='bbox 1706 616 1821 646; x_wconf 89' lang='lat' dir='ltr'>noster</span> <span class='ocrx_word' id='word_1_47' title='bbox 1855 614 1966 645; x_wconf 92' lang='lat' dir='ltr'>caris-</span> 
     </span>
     <span class='ocr_line' id='line_1_8' title="bbox 99 670 1966 718; baseline 0 -11"><span class='ocrx_word' id='word_1_48' title='bbox 99 675 200 707; x_wconf 90' lang='lat' dir='ltr'>simus</span> <span class='ocrx_word' id='word_1_49' title='bbox 242 682 302 718; x_wconf 90' lang='lat' dir='ltr'>per</span> <span class='ocrx_word' id='word_1_50' title='bbox 339 671 511 704; x_wconf 87' lang='lat' dir='ltr'>Andream</span> <span class='ocrx_word' id='word_1_51' title='bbox 556 670 814 705; x_wconf 89' lang='lat' dir='ltr'>Olomucensem</span> <span class='ocrx_word' id='word_1_52' title='bbox 859 670 1021 703; x_wconf 88' lang='lat' dir='ltr'>decanum</span> <span class='ocrx_word' id='word_1_53' title='bbox 1065 682 1158 704; x_wconf 89' lang='lat' dir='ltr'>suum</span> <span class='ocrx_word' id='word_1_54' title='bbox 1203 675 1367 706; x_wconf 88' lang='lat' dir='ltr'>notarium</span> <span class='ocrx_word' id='word_1_55' title='bbox 1410 671 1505 706; x_wconf 87' lang='lat' dir='ltr'>nobis</span> <span class='ocrx_word' id='word_1_56' title='bbox 1560 673 1722 706; x_wconf 85' lang='lat' dir='ltr'>ducentas</span> <span class='ocrx_word' id='word_1_57' title='bbox 1773 683 1966 717; x_wconf 78' lang='lat' dir='ltr'>sexagenas</span> 
     </span>
     <span class='ocr_line' id='line_1_9' title="bbox 100 730 1966 779; baseline 0.001 -13"><span class='ocrx_word' id='word_1_58' title='bbox 100 743 298 778; x_wconf 85' lang='lat' dir='ltr'>grossorum</span> <span class='ocrx_word' id='word_1_59' title='bbox 336 743 437 777; x_wconf 88' lang='lat' dir='ltr'>super</span> <span class='ocrx_word' id='word_1_60' title='bbox 474 742 610 765; x_wconf 89' lang='lat' dir='ltr'>censum</span> <span class='ocrx_word' id='word_1_61' title='bbox 662 735 823 774; x_wconf 67' lang='lat' dir='ltr'>nostrum,</span> <span class='ocrx_word' id='word_1_62' title='bbox 867 741 964 776; x_wconf 83' lang='lat' dir='ltr'>quem</span> <span class='ocrx_word' id='word_1_63' title='bbox 1004 730 1098 765; x_wconf 90' lang='lat' dir='ltr'>nobis</span> <span class='ocrx_word' id='word_1_64' title='bbox 1134 743 1193 778; x_wconf 91' lang='lat' dir='ltr'>pro</span> <span class='ocrx_word' id='word_1_65' title='bbox 1231 736 1372 767; x_wconf 87' lang='lat' dir='ltr'>termino</span> <span class='ocrx_word' id='word_1_66' title='bbox 1416 736 1521 767; x_wconf 88' lang='lat' dir='ltr'>sancti</span> <span class='ocrx_word' id='word_1_67' title='bbox 1558 733 1775 767; x_wconf 82' lang='lat' dir='ltr'>Wenczeslai</span> <span class='ocrx_word' id='word_1_68' title='bbox 1812 736 1966 779; x_wconf 84' lang='lat' dir='ltr'>proximo</span> 
     </span>
     <span class='ocr_line' id='line_1_10' title="bbox 99 791 1965 840; baseline 0 -13"><span class='ocrx_word' id='word_1_69' title='bbox 99 795 248 840; x_wconf 86' lang='lat' dir='ltr'>preteriti</span> <span class='ocrx_word' id='word_1_70' title='bbox 285 792 421 827; x_wconf 86' lang='lat' dir='ltr'>solvere</span> <span class='ocrx_word' id='word_1_71' title='bbox 459 791 647 835; x_wconf 62' lang='lat' dir='ltr'>tenebatur,</span> <span class='ocrx_word' id='word_1_72' title='bbox 684 791 818 825; x_wconf 86' lang='lat' dir='ltr'><strong>inclusis</strong></span> <span class='ocrx_word' id='word_1_73' title='bbox 858 791 919 825; x_wconf 89' lang='lat' dir='ltr'>illis</span> <span class='ocrx_word' id='word_1_74' title='bbox 957 797 1089 825; x_wconf 88' lang='lat' dir='ltr'>centum</span> <span class='ocrx_word' id='word_1_75' title='bbox 1128 796 1312 838; x_wconf 74' lang='lat' dir='ltr'>sexagenis</span> <span class='ocrx_word' id='word_1_76' title='bbox 1340 804 1550 838; x_wconf 68' lang='lat' dir='ltr'>grossorum.</span> <span class='ocrx_word' id='word_1_77' title='bbox 1589 805 1670 839; x_wconf 87' lang='lat' dir='ltr'>quas</span> <span class='ocrx_word' id='word_1_78' title='bbox 1708 793 1803 827; x_wconf 90' lang='lat' dir='ltr'>nobis</span> <span class='ocrx_word' id='word_1_79' title='bbox 1846 793 1965 828; x_wconf 90' lang='lat' dir='ltr'>nobilis</span> 
     </span>
     <span class='ocr_line' id='line_1_11' title="bbox 99 853 1964 900; baseline -0.001 -11"><span class='ocrx_word' id='word_1_80' title='bbox 99 854 269 889; x_wconf 82' lang='lat' dir='ltr'>Erhardus</span> <span class='ocrx_word' id='word_1_81' title='bbox 315 854 356 888; x_wconf 90' lang='lat' dir='ltr'>de</span> <span class='ocrx_word' id='word_1_82' title='bbox 393 853 553 888; x_wconf 85' lang='lat' dir='ltr'>Cunstath</span> <span class='ocrx_word' id='word_1_83' title='bbox 591 857 820 895; x_wconf 61' lang='grc'><strong>601166556131,</strong></span> <span class='ocrx_word' id='word_1_84' title='bbox 865 855 927 886; x_wconf 83' lang='grc'><strong>1116</strong></span> <span class='ocrx_word' id='word_1_85' title='bbox 972 857 1002 886; x_wconf 83' lang='grc'>61</span> <span class='ocrx_word' id='word_1_86' title='bbox 1045 853 1292 887; x_wconf 77' lang='lat' dir='ltr'>racionabiliter</span> <span class='ocrx_word' id='word_1_87' title='bbox 1330 857 1527 898; x_wconf 77' lang='lat' dir='ltr'>assignavit.</span> <span class='ocrx_word' id='word_1_88' title='bbox 1584 854 1635 888; x_wconf 91' lang='lat' dir='ltr'>De</span> <span class='ocrx_word' id='word_1_89' title='bbox 1674 853 1791 900; x_wconf 91' lang='lat' dir='ltr'>quibus</span> <span class='ocrx_word' id='word_1_90' title='bbox 1831 854 1964 900; x_wconf 91' lang='lat' dir='ltr'>quidem</span> 
     </span>
     <span class='ocr_line' id='line_1_12' title="bbox 96 913 1966 960; baseline -0.001 -10"><span class='ocrx_word' id='word_1_91' title='bbox 96 915 247 950; x_wconf 87' lang='lat' dir='ltr'>ducentis</span> <span class='ocrx_word' id='word_1_92' title='bbox 275 917 458 960; x_wconf 83' lang='lat' dir='ltr'>sexagenis</span> <span class='ocrx_word' id='word_1_93' title='bbox 486 924 683 959; x_wconf 86' lang='lat' dir='ltr'>grossorum</span> <span class='ocrx_word' id='word_1_94' title='bbox 721 913 885 959; x_wconf 88' lang='lat' dir='ltr'>prefatum</span> <span class='ocrx_word' id='word_1_95' title='bbox 926 913 1063 947; x_wconf 87' lang='lat' dir='ltr'>fratrem</span> <span class='ocrx_word' id='word_1_96' title='bbox 1100 918 1250 948; x_wconf 90' lang='lat' dir='ltr'>nostrum</span> <span class='ocrx_word' id='word_1_97' title='bbox 1288 917 1477 960; x_wconf 67' lang='lat' dir='ltr'>quittamus,</span> <span class='ocrx_word' id='word_1_98' title='bbox 1520 914 1725 949; x_wconf 83' lang='lat' dir='ltr'>absolvimus</span> <span class='ocrx_word' id='word_1_99' title='bbox 1767 926 1806 948; x_wconf 90' lang='lat' dir='ltr'>ac</span> <span class='ocrx_word' id='word_1_100' title='bbox 1844 919 1966 949; x_wconf 87' lang='lat' dir='ltr'>virtute</span> 
     </span>
     <span class='ocr_line' id='line_1_13' title="bbox 98 974 1965 1022; baseline 0 -12"><span class='ocrx_word' id='word_1_101' title='bbox 98 978 310 1022; x_wconf 85' lang='lat' dir='ltr'>presencium</span> <span class='ocrx_word' id='word_1_102' title='bbox 349 978 486 1021; x_wconf 87' lang='lat' dir='ltr'>quittum</span> <span class='ocrx_word' id='word_1_103' title='bbox 524 985 663 1021; x_wconf 90' lang='lat' dir='ltr'>prorsus</span> <span class='ocrx_word' id='word_1_104' title='bbox 701 974 892 1009; x_wconf 90' lang='lat' dir='ltr'>dimittimus</span> <span class='ocrx_word' id='word_1_105' title='bbox 921 979 953 1008; x_wconf 86' lang='lat' dir='ltr'>et</span> <span class='ocrx_word' id='word_1_106' title='bbox 982 974 1134 1009; x_wconf 90' lang='lat' dir='ltr'>solutum.</span> <span class='ocrx_word' id='word_1_107' title='bbox 1185 975 1401 1009; x_wconf 87' lang='lat' dir='ltr'>Preseucium</span> <span class='ocrx_word' id='word_1_108' title='bbox 1431 975 1490 1009; x_wconf 92' lang='lat' dir='ltr'>sub</span> <span class='ocrx_word' id='word_1_109' title='bbox 1520 980 1634 1009; x_wconf 89' lang='lat' dir='ltr'>nostro</span> <span class='ocrx_word' id='word_1_110' title='bbox 1665 987 1826 1021; x_wconf 88' lang='lat' dir='ltr'>appresso</span> <span class='ocrx_word' id='word_1_111' title='bbox 1856 976 1965 1021; x_wconf 88' lang='lat' dir='ltr'>sigillo</span> 
     </span>
     <span class='ocr_line' id='line_1_14' title="bbox 98 1034 1966 1071; baseline 0 -1"><span class='ocrx_word' id='word_1_112' title='bbox 98 1038 287 1070; x_wconf 87' lang='lat' dir='ltr'>testimonio</span> <span class='ocrx_word' id='word_1_113' title='bbox 316 1035 514 1070; x_wconf 87' lang='lat' dir='ltr'>litterarum.</span> <span class='ocrx_word' id='word_1_114' title='bbox 570 1034 690 1069; x_wconf 89' lang='lat' dir='ltr'>Datum</span> <span class='ocrx_word' id='word_1_115' title='bbox 721 1038 752 1068; x_wconf 94' lang='lat' dir='ltr'>in</span> <span class='ocrx_word' id='word_1_116' title='bbox 783 1034 966 1069; x_wconf 88' lang='lat' dir='ltr'>Olomuncz</span> <span class='ocrx_word' id='word_1_117' title='bbox 996 1034 1079 1068; x_wconf 82' lang='lat' dir='ltr'>feria</span> <span class='ocrx_word' id='word_1_118' title='bbox 1108 1036 1255 1069; x_wconf 89' lang='lat' dir='ltr'>secunda</span> <span class='ocrx_word' id='word_1_119' title='bbox 1286 1035 1338 1069; x_wconf 88' lang='lat' dir='ltr'>die</span> <span class='ocrx_word' id='word_1_120' title='bbox 1367 1041 1482 1070; x_wconf 84' lang='lat' dir='ltr'>sancte</span> <span class='ocrx_word' id='word_1_121' title='bbox 1512 1035 1695 1070; x_wconf 77' lang='lat' dir='ltr'>Katberine</span> <span class='ocrx_word' id='word_1_122' title='bbox 1725 1047 1811 1070; x_wconf 89' lang='lat' dir='ltr'>anno</span> <span class='ocrx_word' id='word_1_123' title='bbox 1842 1037 1966 1071; x_wconf 91' lang='lat' dir='ltr'>domini</span> 
     </span>
     <span class='ocr_line' id='line_1_15' title="bbox 99 1096 983 1141; baseline 0 -10"><span class='ocrx_word' id='word_1_124' title='bbox 99 1096 274 1131; x_wconf 89' lang='lat' dir='ltr'>millesimo</span> <span class='ocrx_word' id='word_1_125' title='bbox 303 1098 541 1130; x_wconf 88' lang='lat' dir='ltr'>trecentesimo</span> <span class='ocrx_word' id='word_1_126' title='bbox 571 1098 793 1141; x_wconf 86' lang='lat' dir='ltr'>nonagesimo</span> <span class='ocrx_word' id='word_1_127' title='bbox 823 1098 983 1131; x_wconf 85' lang='lat' dir='ltr'>secundo.</span> 
     </span>
    </p>
   </div>
   <div class='ocr_carea' id='block_1_6' title="bbox 408 1202 1783 1237">
    <p class='ocr_par' dir='ltr' id='par_1_6' title="bbox 408 1202 1783 1237">
     <span class='ocr_line' id='line_1_16' title="bbox 408 1202 1783 1237; baseline -0.001 -9"><span class='ocrx_word' id='word_1_128' title='bbox 408 1202 503 1237; x_wconf 69' lang='lat' dir='ltr'>(Oi-ig,</span> <span class='ocrx_word' id='word_1_129' title='bbox 529 1202 598 1236; x_wconf 80' lang='lat' dir='ltr'>Pap.</span> <span class='ocrx_word' id='word_1_130' title='bbox 624 1202 675 1227; x_wconf 86' lang='lat' dir='ltr'>mit</span> <span class='ocrx_word' id='word_1_131' title='bbox 697 1202 824 1236; x_wconf 87' lang='lat' dir='ltr'>beigedr.</span> <span class='ocrx_word' id='word_1_132' title='bbox 849 1202 908 1236; x_wconf 79' lang='lat' dir='ltr'>Sig.</span> <span class='ocrx_word' id='word_1_133' title='bbox 934 1203 988 1228; x_wconf 83' lang='lat' dir='ltr'>den</span> <span class='ocrx_word' id='word_1_134' title='bbox 1013 1202 1241 1228; x_wconf 66' lang='lat' dir='ltr'>altstfindisehen</span> <span class='ocrx_word' id='word_1_135' title='bbox 1267 1203 1359 1228; x_wconf 79' lang='lat' dir='ltr'>Acten</span> <span class='ocrx_word' id='word_1_136' title='bbox 1384 1202 1433 1228; x_wconf 87' lang='lat' dir='ltr'>des</span> <span class='ocrx_word' id='word_1_137' title='bbox 1458 1202 1546 1230; x_wconf 64' lang='lat' dir='ltr'>malit.</span> <span class='ocrx_word' id='word_1_138' title='bbox 1573 1203 1783 1237; x_wconf 72' lang='lat' dir='ltr'>Laudes-arch.)</span> 
     </span>
    </p>
   </div>
   <div class='ocr_carea' id='block_1_7' title="bbox 986 1322 1088 1358">
    <p class='ocr_par' dir='ltr' id='par_1_7' title="bbox 986 1322 1088 1358">
     <span class='ocr_line' id='line_1_17' title="bbox 986 1322 1088 1358; baseline -0.02 0"><span class='ocrx_word' id='word_1_139' title='bbox 986 1322 1088 1358; x_wconf 81' lang='lat'><strong>113.</strong></span> 
     </span>
    </p>
   </div>
   <div class='ocr_carea' id='block_1_8' title="bbox 99 1399 1964 1505">
    <p class='ocr_par' dir='ltr' id='par_1_8' title="bbox 99 1399 1964 1505">
     <span class='ocr_line' id='line_1_18' title="bbox 99 1399 1964 1446; baseline -0.001 -12"><span class='ocrx_word' id='word_1_140' title='bbox 99 1400 207 1446; x_wconf 81' lang='lat' dir='ltr'>Papst</span> <span class='ocrx_word' id='word_1_141' title='bbox 234 1400 442 1445; x_wconf 79' lang='lat' dir='ltr'>Bonifacz&#39;us</span> <span class='ocrx_word' id='word_1_142' title='bbox 472 1400 534 1434; x_wconf 91' lang='lat' dir='ltr'>IX.</span> <span class='ocrx_word' id='word_1_143' title='bbox 559 1400 782 1443; x_wconf 66' lang='lat' dir='ltr'>entscheiclet,</span> <span class='ocrx_word' id='word_1_144' title='bbox 814 1401 895 1434; x_wconf 79' lang='lat' dir='ltr'>dass</span> <span class='ocrx_word' id='word_1_145' title='bbox 922 1401 985 1434; x_wconf 83' lang='lat' dir='ltr'>das</span> <span class='ocrx_word' id='word_1_146' title='bbox 1014 1400 1102 1434; x_wconf 78' lang='lat' dir='ltr'>nach</span> <span class='ocrx_word' id='word_1_147' title='bbox 1134 1401 1313 1434; x_wconf 76' lang='lat' dir='ltr'>Friedrich</span> <span class='ocrx_word' id='word_1_148' title='bbox 1347 1412 1409 1434; x_wconf 77' lang='grc' dir='ltr'>1·οη</span> <span class='ocrx_word' id='word_1_149' title='bbox 1434 1399 1767 1445; x_wconf 68' lang='grc' dir='ltr'>Π’”οῖ[ι·αιηεΙι-ἰι·6ἠθη</span> <span class='ocrx_word' id='word_1_150' title='bbox 1797 1400 1964 1443; x_wconf 69' lang='lat' dir='ltr'>erlediyte</span> 
     </span>
     <span class='ocr_line' id='line_1_19' title="bbox 103 1460 1963 1505; baseline -0.001 -10"><span class='ocrx_word' id='word_1_151' title='bbox 103 1461 301 1496; x_wconf 74' lang='lat' dir='ltr'>Canoriicat</span> <span class='ocrx_word' id='word_1_152' title='bbox 330 1462 391 1495; x_wconf 83' lang='lat' dir='ltr'>der</span> <span class='ocrx_word' id='word_1_153' title='bbox 419 1461 596 1495; x_wconf 83' lang='lat' dir='ltr'>Prerauer</span> <span class='ocrx_word' id='word_1_154' title='bbox 617 1461 854 1495; x_wconf 76' lang='lat' dir='ltr'>Arcln&#39;dz&#39;acon</span> <span class='ocrx_word' id='word_1_155' title='bbox 883 1461 1024 1495; x_wconf 78' lang='lat' dir='ltr'>Sander</span> <span class='ocrx_word' id='word_1_156' title='bbox 1054 1461 1247 1495; x_wconf 76' lang='lat' dir='ltr'>imeehaben</span> <span class='ocrx_word' id='word_1_157' title='bbox 1277 1462 1375 1496; x_wconf 74' lang='lat' dir='ltr'>solle.</span> <span class='ocrx_word' id='word_1_158' title='bbox 1410 1461 1465 1495; x_wconf 75' lang='lat' dir='ltr'>Dt.</span> <span class='ocrx_word' id='word_1_159' title='bbox 1490 1461 1640 1505; x_wconf 54' lang='lat' dir='ltr'>Pernam</span> <span class='ocrx_word' id='word_1_160' title='bbox 1672 1461 1729 1495; x_wconf 81' lang='lat'>10.</span> <span class='ocrx_word' id='word_1_161' title='bbox 1755 1460 1840 1495; x_wconf 83' lang='lat' dir='ltr'>Dec.</span> <span class='ocrx_word' id='word_1_162' title='bbox 1866 1460 1963 1495; x_wconf 79' lang='lat'><em>1392</em></span> 
     </span>
    </p>
   </div>
   <div class='ocr_carea' id='block_1_9' title="bbox 97 1539 1967 2697">
    <p class='ocr_par' dir='ltr' id='par_1_9' title="bbox 97 1539 1967 2697">
     <span class='ocr_line' id='line_1_20' title="bbox 256 1539 1964 1604; baseline -0.001 -12"><span class='ocrx_word' id='word_1_163' title='bbox 256 1539 468 1592; x_wconf 79' lang='lat' dir='ltr'>Bonifaeius</span> <span class='ocrx_word' id='word_1_164' title='bbox 498 1560 675 1604; x_wconf 89' lang='lat' dir='ltr'>episcopus</span> <span class='ocrx_word' id='word_1_165' title='bbox 705 1569 825 1591; x_wconf 76' lang='lat' dir='ltr'>servus</span> <span class='ocrx_word' id='word_1_166' title='bbox 855 1568 1031 1591; x_wconf 73' lang='lat' dir='ltr'>servorum</span> <span class='ocrx_word' id='word_1_167' title='bbox 1063 1559 1114 1592; x_wconf 88' lang='lat' dir='ltr'>dei</span> <span class='ocrx_word' id='word_1_168' title='bbox 1136 1558 1256 1592; x_wconf 85' lang='lat' dir='ltr'>dilecto</span> <span class='ocrx_word' id='word_1_169' title='bbox 1278 1558 1342 1592; x_wconf 85' lang='lat' dir='ltr'>filio</span> <span class='ocrx_word' id='word_1_170' title='bbox 1363 1561 1525 1604; x_wconf 85' lang='lat' dir='ltr'>magistro</span> <span class='ocrx_word' id='word_1_171' title='bbox 1546 1557 1679 1592; x_wconf 86' lang='lat' dir='ltr'>Brande</span> <span class='ocrx_word' id='word_1_172' title='bbox 1700 1558 1740 1592; x_wconf 89' lang='lat' dir='ltr'>de</span> <span class='ocrx_word' id='word_1_173' title='bbox 1762 1556 1964 1591; x_wconf 87' lang='lat' dir='ltr'>Castelliono</span> 
     </span>
     <span class='ocr_line' id='line_1_21' title="bbox 98 1618 1964 1665; baseline 0 -13"><span class='ocrx_word' id='word_1_174' title='bbox 98 1618 270 1665; x_wconf 87' lang='lat' dir='ltr'>capellano</span> <span class='ocrx_word' id='word_1_175' title='bbox 298 1622 413 1653; x_wconf 91' lang='lat' dir='ltr'>nostro</span> <span class='ocrx_word' id='word_1_176' title='bbox 443 1622 475 1652; x_wconf 88' lang='grc'>61</span> <span class='ocrx_word' id='word_1_177' title='bbox 503 1618 644 1652; x_wconf 84' lang='lat' dir='ltr'>auditori</span> <span class='ocrx_word' id='word_1_178' title='bbox 674 1630 850 1653; x_wconf 85' lang='lat' dir='ltr'>causarum</span> <span class='ocrx_word' id='word_1_179' title='bbox 880 1618 998 1664; x_wconf 84' lang='lat' dir='ltr'>palacii</span> <span class='ocrx_word' id='word_1_180' title='bbox 1027 1619 1201 1664; x_wconf 88' lang='lat' dir='ltr'>apostolici</span> <span class='ocrx_word' id='word_1_181' title='bbox 1224 1619 1364 1653; x_wconf 85' lang='lat' dir='ltr'>salutem</span> <span class='ocrx_word' id='word_1_182' title='bbox 1386 1623 1417 1653; x_wconf 91' lang='lat' dir='ltr'>et</span> <span class='ocrx_word' id='word_1_183' title='bbox 1437 1619 1654 1665; x_wconf 89' lang='lat' dir='ltr'>apostolicam</span> <span class='ocrx_word' id='word_1_184' title='bbox 1676 1618 1964 1652; x_wconf 75' lang='lat' dir='ltr'>benediccionem.</span> 
     </span>
     <span class='ocr_line' id='line_1_22' title="bbox 98 1678 1965 1725; baseline -0.001 -12"><span class='ocrx_word' id='word_1_185' title='bbox 98 1678 173 1713; x_wconf 86' lang='lat' dir='ltr'>Vite</span> <span class='ocrx_word' id='word_1_186' title='bbox 202 1690 242 1713; x_wconf 87' lang='lat' dir='ltr'>ac</span> <span class='ocrx_word' id='word_1_187' title='bbox 271 1690 400 1713; x_wconf 91' lang='lat' dir='ltr'>morum</span> <span class='ocrx_word' id='word_1_188' title='bbox 430 1678 589 1713; x_wconf 85' lang='lat' dir='ltr'>honestas</span> <span class='ocrx_word' id='word_1_189' title='bbox 618 1679 748 1724; x_wconf 85' lang='lat' dir='ltr'>aliaque</span> <span class='ocrx_word' id='word_1_190' title='bbox 777 1678 951 1712; x_wconf 80' lang='lat' dir='ltr'>laudabilia</span> <span class='ocrx_word' id='word_1_191' title='bbox 982 1678 1154 1725; x_wconf 69' lang='lat' dir='ltr'>probitatis</span> <span class='ocrx_word' id='word_1_192' title='bbox 1184 1684 1215 1713; x_wconf 88' lang='lat' dir='ltr'>et</span> <span class='ocrx_word' id='word_1_193' title='bbox 1244 1683 1401 1713; x_wconf 88' lang='lat' dir='ltr'>virtutum</span> <span class='ocrx_word' id='word_1_194' title='bbox 1433 1683 1561 1716; x_wconf 77' lang='lat' dir='ltr'>merita.</span> <span class='ocrx_word' id='word_1_195' title='bbox 1601 1691 1701 1725; x_wconf 87' lang='lat' dir='ltr'>super</span> <span class='ocrx_word' id='word_1_196' title='bbox 1731 1678 1849 1724; x_wconf 89' lang='lat' dir='ltr'>quibus</span> <span class='ocrx_word' id='word_1_197' title='bbox 1879 1678 1965 1724; x_wconf 88' lang='lat' dir='ltr'>apud</span> 
     </span>
     <span class='ocr_line' id='line_1_23' title="bbox 98 1739 1966 1775; baseline -0.001 -1"><span class='ocrx_word' id='word_1_198' title='bbox 98 1751 158 1775; x_wconf 91' lang='lat' dir='ltr'>nos</span> <span class='ocrx_word' id='word_1_199' title='bbox 193 1740 332 1774; x_wconf 85' lang='lat' dir='ltr'>dilectus</span> <span class='ocrx_word' id='word_1_200' title='bbox 370 1739 453 1774; x_wconf 90' lang='lat' dir='ltr'>filius</span> <span class='ocrx_word' id='word_1_201' title='bbox 483 1739 655 1774; x_wconf 85' lang='lat' dir='ltr'>Sanderus</span> <span class='ocrx_word' id='word_1_202' title='bbox 693 1740 733 1774; x_wconf 93' lang='lat' dir='ltr'>de</span> <span class='ocrx_word' id='word_1_203' title='bbox 763 1739 927 1774; x_wconf 79' lang='lat' dir='ltr'>Rambaw</span> <span class='ocrx_word' id='word_1_204' title='bbox 966 1740 1221 1774; x_wconf 82' lang='lat' dir='ltr'>archidiaconus</span> <span class='ocrx_word' id='word_1_205' title='bbox 1250 1740 1484 1775; x_wconf 83' lang='lat' dir='ltr'>Preroviensis</span> <span class='ocrx_word' id='word_1_206' title='bbox 1514 1743 1545 1774; x_wconf 89' lang='lat' dir='ltr'>in</span> <span class='ocrx_word' id='word_1_207' title='bbox 1575 1740 1718 1774; x_wconf 86' lang='lat' dir='ltr'>ecclesia</span> <span class='ocrx_word' id='word_1_208' title='bbox 1750 1739 1966 1773; x_wconf 86' lang='lat' dir='ltr'>Olomucensi</span> 
     </span>
     <span class='ocr_line' id='line_1_24' title="bbox 97 1798 1965 1846; baseline 0 -12"><span class='ocrx_word' id='word_1_209' title='bbox 97 1800 265 1846; x_wconf 85' lang='lat' dir='ltr'>fidedigno</span> <span class='ocrx_word' id='word_1_210' title='bbox 308 1800 560 1834; x_wconf 86' lang='lat' dir='ltr'>commendatur</span> <span class='ocrx_word' id='word_1_211' title='bbox 603 1804 805 1841; x_wconf 57' lang='lat' dir='ltr'>testimonioq</span> <span class='ocrx_word' id='word_1_212' title='bbox 848 1812 909 1834; x_wconf 89' lang='lat' dir='ltr'>nos</span> <span class='ocrx_word' id='word_1_213' title='bbox 945 1800 1113 1843; x_wconf 73' lang='lat' dir='ltr'>inducunt,</span> <span class='ocrx_word' id='word_1_214' title='bbox 1153 1806 1184 1834; x_wconf 89' lang='lat' dir='ltr'>ut</span> <span class='ocrx_word' id='word_1_215' title='bbox 1223 1800 1284 1835; x_wconf 87' lang='lat' dir='ltr'>sibi</span> <span class='ocrx_word' id='word_1_216' title='bbox 1322 1801 1500 1835; x_wconf 85' lang='lat' dir='ltr'>reddamur</span> <span class='ocrx_word' id='word_1_217' title='bbox 1539 1801 1579 1834; x_wconf 90' lang='lat' dir='ltr'>ad</span> <span class='ocrx_word' id='word_1_218' title='bbox 1617 1803 1767 1845; x_wconf 82' lang='lat' dir='ltr'>graciam</span> <span class='ocrx_word' id='word_1_219' title='bbox 1797 1798 1965 1834; x_wconf 85' lang='lat' dir='ltr'>liberales.</span> 
     </span>
     <span class='ocr_line' id='line_1_25' title="bbox 97 1860 1964 1907; baseline -0.001 -12"><span class='ocrx_word' id='word_1_220' title='bbox 97 1860 254 1895; x_wconf 79' lang='lat' dir='ltr'>Exhibita</span> <span class='ocrx_word' id='word_1_221' title='bbox 291 1860 453 1906; x_wconf 84' lang='lat' dir='ltr'>siquidem</span> <span class='ocrx_word' id='word_1_222' title='bbox 490 1860 584 1895; x_wconf 90' lang='lat' dir='ltr'>nobis</span> <span class='ocrx_word' id='word_1_223' title='bbox 623 1872 729 1907; x_wconf 80' lang='lat' dir='ltr'>nuper</span> <span class='ocrx_word' id='word_1_224' title='bbox 767 1864 899 1907; x_wconf 88' lang='lat' dir='ltr'>propria</span> <span class='ocrx_word' id='word_1_225' title='bbox 939 1861 1013 1894; x_wconf 89' lang='lat' dir='ltr'>dicti</span> <span class='ocrx_word' id='word_1_226' title='bbox 1053 1860 1194 1895; x_wconf 83' lang='lat' dir='ltr'>Sanderi</span> <span class='ocrx_word' id='word_1_227' title='bbox 1232 1865 1353 1907; x_wconf 87' lang='lat' dir='ltr'>peticio</span> <span class='ocrx_word' id='word_1_228' title='bbox 1383 1861 1586 1903; x_wconf 57' lang='lat' dir='ltr'>continebat,</span> <span class='ocrx_word' id='word_1_229' title='bbox 1626 1861 1711 1906; x_wconf 87' lang='lat' dir='ltr'>quod</span> <span class='ocrx_word' id='word_1_230' title='bbox 1742 1865 1813 1894; x_wconf 85' lang='lat' dir='ltr'>orta</span> <span class='ocrx_word' id='word_1_231' title='bbox 1843 1860 1964 1893; x_wconf 91' lang='lat' dir='ltr'>dudum</span> 
     </span>
     <span class='ocr_line' id='line_1_26' title="bbox 98 1921 1965 1968; baseline -0.002 -12"><span class='ocrx_word' id='word_1_232' title='bbox 98 1925 182 1956; x_wconf 86' lang='grc'><strong>111161·</strong></span> <span class='ocrx_word' id='word_1_233' title='bbox 210 1924 317 1968; x_wconf 84' lang='lat' dir='ltr'>ipsum</span> <span class='ocrx_word' id='word_1_234' title='bbox 347 1926 377 1955; x_wconf 90' lang='lat' dir='ltr'>et</span> <span class='ocrx_word' id='word_1_235' title='bbox 407 1921 562 1956; x_wconf 88' lang='lat' dir='ltr'>dilectum</span> <span class='ocrx_word' id='word_1_236' title='bbox 584 1921 683 1956; x_wconf 88' lang='lat' dir='ltr'>filium</span> <span class='ocrx_word' id='word_1_237' title='bbox 706 1924 900 1967; x_wconf 82' lang='lat' dir='ltr'>magistrum</span> <span class='ocrx_word' id='word_1_238' title='bbox 930 1921 1118 1955; x_wconf 73' lang='grc'>11011311116111</span> <span class='ocrx_word' id='word_1_239' title='bbox 1141 1923 1180 1955; x_wconf 83' lang='lat' dir='ltr'>de</span> <span class='ocrx_word' id='word_1_240' title='bbox 1202 1922 1359 1956; x_wconf 80' lang='lat' dir='ltr'>Malesicz</span> <span class='ocrx_word' id='word_1_241' title='bbox 1389 1922 1601 1956; x_wconf 88' lang='lat' dir='ltr'>scolasticum</span> <span class='ocrx_word' id='word_1_242' title='bbox 1624 1922 1768 1955; x_wconf 83' lang='lat' dir='ltr'>ecclesie</span> <span class='ocrx_word' id='word_1_243' title='bbox 1785 1921 1965 1965; x_wconf 84' lang='lat' dir='ltr'>Pragensis</span> 
     </span>
     <span class='ocr_line' id='line_1_27' title="bbox 97 1982 1967 2029; baseline -0.001 -13"><span class='ocrx_word' id='word_1_244' title='bbox 97 1985 295 2029; x_wconf 82' lang='lat' dir='ltr'>scriptorem</span> <span class='ocrx_word' id='word_1_245' title='bbox 333 1988 482 2017; x_wconf 91' lang='lat' dir='ltr'>nostrum</span> <span class='ocrx_word' id='word_1_246' title='bbox 521 1994 622 2028; x_wconf 87' lang='lat' dir='ltr'>super</span> <span class='ocrx_word' id='word_1_247' title='bbox 658 1986 856 2016; x_wconf 86' lang='lat' dir='ltr'>canonicatu</span> <span class='ocrx_word' id='word_1_248' title='bbox 885 1987 917 2016; x_wconf 88' lang='lat' dir='ltr'>et</span> <span class='ocrx_word' id='word_1_249' title='bbox 946 1982 1115 2028; x_wconf 83' lang='lat' dir='ltr'>prebenda</span> <span class='ocrx_word' id='word_1_250' title='bbox 1146 1984 1296 2017; x_wconf 85' lang='lat' dir='ltr'>eiusdem</span> <span class='ocrx_word' id='word_1_251' title='bbox 1326 1984 1470 2017; x_wconf 77' lang='lat' dir='ltr'>ecclesie</span> <span class='ocrx_word' id='word_1_252' title='bbox 1501 1983 1746 2025; x_wconf 45' lang='lat' dir='ltr'>Olomucensis5</span> <span class='ocrx_word' id='word_1_253' title='bbox 1778 1993 1861 2028; x_wconf 89' lang='lat' dir='ltr'>quos</span> <span class='ocrx_word' id='word_1_254' title='bbox 1891 1986 1967 2014; x_wconf 89' lang='lat' dir='ltr'>tunc</span> 
     </span>
     <span class='ocr_line' id='line_1_28' title="bbox 98 2041 1966 2089; baseline -0.001 -13"><span class='ocrx_word' id='word_1_255' title='bbox 98 2047 259 2077; x_wconf 79' lang='lat' dir='ltr'>vacantes</span> <span class='ocrx_word' id='word_1_256' title='bbox 296 2054 356 2089; x_wconf 90' lang='lat' dir='ltr'>per</span> <span class='ocrx_word' id='word_1_257' title='bbox 395 2043 519 2078; x_wconf 90' lang='lat' dir='ltr'>obitum</span> <span class='ocrx_word' id='word_1_258' title='bbox 556 2044 722 2089; x_wconf 87' lang='lat' dir='ltr'>quondam</span> <span class='ocrx_word' id='word_1_259' title='bbox 753 2043 924 2077; x_wconf 89' lang='lat' dir='ltr'>Frederici</span> <span class='ocrx_word' id='word_1_260' title='bbox 960 2043 1000 2077; x_wconf 88' lang='lat' dir='ltr'>de</span> <span class='ocrx_word' id='word_1_261' title='bbox 1031 2043 1338 2078; x_wconf 81' lang='lat' dir='ltr'>Wolsramskirken</span> <span class='ocrx_word' id='word_1_262' title='bbox 1368 2047 1520 2077; x_wconf 83' lang='lat' dir='ltr'>canonici</span> <span class='ocrx_word' id='word_1_263' title='bbox 1550 2044 1698 2078; x_wconf 87' lang='lat' dir='ltr'>ciusdem</span> <span class='ocrx_word' id='word_1_264' title='bbox 1729 2043 1874 2076; x_wconf 84' lang='lat' dir='ltr'>ecclesie</span> <span class='ocrx_word' id='word_1_265' title='bbox 1905 2041 1966 2075; x_wconf 85' lang='lat' dir='ltr'>sibi</span> 
     </span>
     <span class='ocr_line' id='line_1_29' title="bbox 98 2104 1965 2150; baseline -0.001 -13"><span class='ocrx_word' id='word_1_266' title='bbox 98 2106 293 2137; x_wconf 86' lang='lat' dir='ltr'>auctoritate</span> <span class='ocrx_word' id='word_1_267' title='bbox 323 2104 505 2150; x_wconf 87' lang='lat' dir='ltr'>apostolica</span> <span class='ocrx_word' id='word_1_268' title='bbox 522 2104 673 2147; x_wconf 76' lang='lat' dir='ltr'>collatos,</span> <span class='ocrx_word' id='word_1_269' title='bbox 703 2117 739 2138; x_wconf 89' lang='lat' dir='ltr'>se</span> <span class='ocrx_word' id='word_1_270' title='bbox 756 2109 944 2139; x_wconf 83' lang='lat' dir='ltr'>assecutum</span> <span class='ocrx_word' id='word_1_271' title='bbox 963 2104 1066 2138; x_wconf 89' lang='lat' dir='ltr'>fuisse</span> <span class='ocrx_word' id='word_1_272' title='bbox 1084 2108 1245 2139; x_wconf 88' lang='lat' dir='ltr'>canonice</span> <span class='ocrx_word' id='word_1_273' title='bbox 1262 2105 1401 2150; x_wconf 84' lang='lat' dir='ltr'>illosque</span> <span class='ocrx_word' id='word_1_274' title='bbox 1418 2105 1606 2150; x_wconf 86' lang='lat' dir='ltr'>aliquandiu</span> <span class='ocrx_word' id='word_1_275' title='bbox 1623 2107 1771 2138; x_wconf 85' lang='lat' dir='ltr'>tenuisse</span> <span class='ocrx_word' id='word_1_276' title='bbox 1788 2108 1818 2136; x_wconf 82' lang='lat' dir='ltr'>et</span> <span class='ocrx_word' id='word_1_277' title='bbox 1840 2114 1965 2149; x_wconf 82' lang='lat' dir='ltr'>posse-</span> 
     </span>
     <span class='ocr_line' id='line_1_30' title="bbox 97 2164 1966 2212; baseline -0.001 -15"><span class='ocrx_word' id='word_1_278' title='bbox 97 2164 186 2198; x_wconf 82' lang='lat' dir='ltr'>disse</span> <span class='ocrx_word' id='word_1_279' title='bbox 215 2168 246 2197; x_wconf 83' lang='lat' dir='ltr'>et</span> <span class='ocrx_word' id='word_1_280' title='bbox 275 2168 352 2198; x_wconf 86' lang='lat' dir='ltr'>tunc</span> <span class='ocrx_word' id='word_1_281' title='bbox 381 2167 487 2198; x_wconf 87' lang='lat' dir='ltr'>eciam</span> <span class='ocrx_word' id='word_1_282' title='bbox 518 2170 632 2199; x_wconf 86' lang='lat' dir='ltr'>tenere</span> <span class='ocrx_word' id='word_1_283' title='bbox 662 2170 694 2199; x_wconf 90' lang='grc'>61</span> <span class='ocrx_word' id='word_1_284' title='bbox 724 2165 897 2211; x_wconf 83' lang='lat' dir='ltr'>possidere</span> <span class='ocrx_word' id='word_1_285' title='bbox 926 2165 1064 2212; x_wconf 86' lang='lat' dir='ltr'>pacifice</span> <span class='ocrx_word' id='word_1_286' title='bbox 1094 2170 1125 2199; x_wconf 82' lang='lat' dir='ltr'>et</span> <span class='ocrx_word' id='word_1_287' title='bbox 1156 2169 1266 2211; x_wconf 86' lang='lat' dir='ltr'>quiete</span> <span class='ocrx_word' id='word_1_288' title='bbox 1296 2166 1485 2210; x_wconf 88' lang='lat' dir='ltr'>dictumque</span> <span class='ocrx_word' id='word_1_289' title='bbox 1506 2165 1693 2199; x_wconf 83' lang='lat' dir='ltr'>Joliannem</span> <span class='ocrx_word' id='word_1_290' title='bbox 1724 2176 1760 2198; x_wconf 87' lang='lat' dir='ltr'>sc</span> <span class='ocrx_word' id='word_1_291' title='bbox 1781 2165 1966 2210; x_wconf 78' lang='lat' dir='ltr'>provisioni</span> 
     </span>
     <span class='ocr_line' id='line_1_31' title="bbox 97 2224 1966 2272; baseline -0.001 -15"><span class='ocrx_word' id='word_1_292' title='bbox 97 2228 129 2258; x_wconf 90' lang='grc'>61</span> <span class='ocrx_word' id='word_1_293' title='bbox 166 2227 374 2258; x_wconf 86' lang='grc' dir='ltr'><strong>355661161οηί</strong></span> <span class='ocrx_word' id='word_1_294' title='bbox 413 2225 569 2270; x_wconf 85' lang='lat' dir='ltr'>predictis</span> <span class='ocrx_word' id='word_1_295' title='bbox 612 2231 728 2260; x_wconf 87' lang='lat' dir='ltr'>contra</span> <span class='ocrx_word' id='word_1_296' title='bbox 770 2228 931 2260; x_wconf 90' lang='lat' dir='ltr'>iusticiam</span> <span class='ocrx_word' id='word_1_297' title='bbox 974 2230 1172 2272; x_wconf 83' lang='lat' dir='ltr'>opposuisse</span> <span class='ocrx_word' id='word_1_298' title='bbox 1211 2230 1242 2260; x_wconf 85' lang='lat' dir='ltr'>et</span> <span class='ocrx_word' id='word_1_299' title='bbox 1281 2226 1415 2269; x_wconf 65' lang='lat' dir='ltr'>secisse,</span> <span class='ocrx_word' id='word_1_300' title='bbox 1455 2228 1631 2271; x_wconf 86' lang='lat' dir='ltr'>quominus</span> <span class='ocrx_word' id='word_1_301' title='bbox 1668 2225 1754 2258; x_wconf 90' lang='lat' dir='ltr'>idem</span> <span class='ocrx_word' id='word_1_302' title='bbox 1794 2224 1966 2257; x_wconf 86' lang='lat' dir='ltr'>Sanderus</span> 
     </span>
     <span class='ocr_line' id='line_1_32' title="bbox 98 2284 1965 2333; baseline 0 -16"><span class='ocrx_word' id='word_1_303' title='bbox 98 2284 234 2318; x_wconf 89' lang='lat' dir='ltr'>eosdem</span> <span class='ocrx_word' id='word_1_304' title='bbox 264 2287 494 2319; x_wconf 78' lang='lat' dir='ltr'>canonicatum</span> <span class='ocrx_word' id='word_1_305' title='bbox 525 2290 557 2319; x_wconf 90' lang='lat' dir='ltr'>et</span> <span class='ocrx_word' id='word_1_306' title='bbox 586 2286 788 2332; x_wconf 88' lang='lat' dir='ltr'>prebendam</span> <span class='ocrx_word' id='word_1_307' title='bbox 820 2292 931 2333; x_wconf 85' lang='lat' dir='ltr'>posset</span> <span class='ocrx_word' id='word_1_308' title='bbox 962 2287 1100 2333; x_wconf 82' lang='lat' dir='ltr'>pacifice</span> <span class='ocrx_word' id='word_1_309' title='bbox 1131 2287 1317 2333; x_wconf 71' lang='lat' dir='ltr'>possidere,</span> <span class='ocrx_word' id='word_1_310' title='bbox 1348 2286 1520 2320; x_wconf 86' lang='lat' dir='ltr'>Johannes</span> <span class='ocrx_word' id='word_1_311' title='bbox 1550 2298 1632 2320; x_wconf 74' lang='lat' dir='ltr'>vero</span> <span class='ocrx_word' id='word_1_312' title='bbox 1663 2285 1802 2331; x_wconf 84' lang='lat' dir='ltr'>predicti</span> <span class='ocrx_word' id='word_1_313' title='bbox 1829 2284 1965 2318; x_wconf 88' lang='lat' dir='ltr'>eosdem</span> 
     </span>
     <span class='ocr_line' id='line_1_33' title="bbox 97 2344 1967 2394; baseline 0 -16"><span class='ocrx_word' id='word_1_314' title='bbox 97 2347 328 2379; x_wconf 85' lang='lat' dir='ltr'>canonicatum</span> <span class='ocrx_word' id='word_1_315' title='bbox 367 2349 400 2378; x_wconf 88' lang='grc'>61</span> <span class='ocrx_word' id='word_1_316' title='bbox 438 2345 641 2391; x_wconf 86' lang='lat' dir='ltr'>prebendam</span> <span class='ocrx_word' id='word_1_317' title='bbox 680 2347 720 2381; x_wconf 90' lang='lat' dir='ltr'>ad</span> <span class='ocrx_word' id='word_1_318' title='bbox 758 2359 795 2382; x_wconf 90' lang='lat' dir='ltr'>se</span> <span class='ocrx_word' id='word_1_319' title='bbox 834 2348 874 2382; x_wconf 90' lang='lat' dir='ltr'>de</span> <span class='ocrx_word' id='word_1_320' title='bbox 904 2351 975 2382; x_wconf 91' lang='lat' dir='ltr'>iure</span> <span class='ocrx_word' id='word_1_321' title='bbox 1005 2353 1160 2394; x_wconf 88' lang='lat' dir='ltr'>spectare</span> <span class='ocrx_word' id='word_1_322' title='bbox 1191 2347 1399 2382; x_wconf 78' lang='lat' dir='ltr'>asserebant.</span> <span class='ocrx_word' id='word_1_323' title='bbox 1430 2351 1526 2393; x_wconf 88' lang='lat' dir='ltr'>prout</span> <span class='ocrx_word' id='word_1_324' title='bbox 1555 2349 1626 2392; x_wconf 84' lang='lat' dir='ltr'>ipsc</span> <span class='ocrx_word' id='word_1_325' title='bbox 1657 2345 1829 2379; x_wconf 87' lang='lat' dir='ltr'>Sanderus</span> <span class='ocrx_word' id='word_1_326' title='bbox 1859 2344 1967 2378; x_wconf 91' lang='lat' dir='ltr'>adhuc</span> 
     </span>
     <span class='ocr_line' id='line_1_34' title="bbox 97 2404 1967 2455; baseline -0.001 -15"><span class='ocrx_word' id='word_1_327' title='bbox 97 2408 228 2440; x_wconf 88' lang='lat' dir='ltr'>asserit.</span> <span class='ocrx_word' id='word_1_328' title='bbox 258 2404 398 2439; x_wconf 83' lang='lat' dir='ltr'>Materia</span> <span class='ocrx_word' id='word_1_329' title='bbox 429 2409 611 2450; x_wconf 86' lang='lat' dir='ltr'>questionis</span> <span class='ocrx_word' id='word_1_330' title='bbox 641 2412 671 2441; x_wconf 88' lang='grc'>61</span> <span class='ocrx_word' id='word_1_331' title='bbox 702 2419 802 2442; x_wconf 89' lang='grc'><strong>631153</strong></span> <span class='ocrx_word' id='word_1_332' title='bbox 825 2408 1011 2443; x_wconf 85' lang='lat' dir='ltr'>huiusmodi</span> <span class='ocrx_word' id='word_1_333' title='bbox 1047 2410 1086 2442; x_wconf 88' lang='lat' dir='ltr'>ad</span> <span class='ocrx_word' id='word_1_334' title='bbox 1108 2409 1223 2443; x_wconf 88' lang='lat' dir='ltr'>sedem</span> <span class='ocrx_word' id='word_1_335' title='bbox 1245 2408 1461 2455; x_wconf 85' lang='lat' dir='ltr'>apostolicam</span> <span class='ocrx_word' id='word_1_336' title='bbox 1484 2408 1631 2451; x_wconf 79' lang='lat' dir='ltr'>legitime</span> <span class='ocrx_word' id='word_1_337' title='bbox 1652 2406 1839 2440; x_wconf 86' lang='lat' dir='ltr'>introducta</span> <span class='ocrx_word' id='word_1_338' title='bbox 1862 2405 1967 2439; x_wconf 79' lang='lat' dir='ltr'>felicis</span> 
     </span>
     <span class='ocr_line' id='line_1_35' title="bbox 97 2465 1967 2514; baseline -0.001 -14"><span class='ocrx_word' id='word_1_339' title='bbox 97 2466 347 2501; x_wconf 87' lang='lat' dir='ltr'>recordacionis</span> <span class='ocrx_word' id='word_1_340' title='bbox 386 2465 539 2500; x_wconf 90' lang='lat' dir='ltr'>Urbanus</span> <span class='ocrx_word' id='word_1_341' title='bbox 577 2479 660 2513; x_wconf 87' lang='lat' dir='ltr'>papa</span> <span class='ocrx_word' id='word_1_342' title='bbox 701 2467 756 2502; x_wconf 88' lang='lat' dir='ltr'>VI.</span> <span class='ocrx_word' id='word_1_343' title='bbox 794 2469 1018 2514; x_wconf 88' lang='lat' dir='ltr'>predecessor</span> <span class='ocrx_word' id='word_1_344' title='bbox 1057 2475 1171 2504; x_wconf 79' lang='grc'><strong>1105161·</strong></span> <span class='ocrx_word' id='word_1_345' title='bbox 1210 2481 1344 2503; x_wconf 88' lang='lat' dir='ltr'>causam</span> <span class='ocrx_word' id='word_1_346' title='bbox 1376 2468 1563 2502; x_wconf 87' lang='lat' dir='ltr'>huiusmodi</span> <span class='ocrx_word' id='word_1_347' title='bbox 1593 2467 1631 2500; x_wconf 90' lang='lat' dir='ltr'>ad</span> <span class='ocrx_word' id='word_1_348' title='bbox 1664 2470 1859 2501; x_wconf 86' lang='lat' dir='ltr'>instanciam</span> <span class='ocrx_word' id='word_1_349' title='bbox 1890 2466 1967 2499; x_wconf 89' lang='lat' dir='ltr'>dicti</span> 
     </span>
     <span class='ocr_line' id='line_1_36' title="bbox 97 2526 1965 2576; baseline 0 -16"><span class='ocrx_word' id='word_1_350' title='bbox 97 2526 258 2561; x_wconf 84' lang='lat' dir='ltr'>Johannis</span> <span class='ocrx_word' id='word_1_351' title='bbox 297 2526 417 2560; x_wconf 88' lang='lat' dir='ltr'>dilecto</span> <span class='ocrx_word' id='word_1_352' title='bbox 457 2526 522 2560; x_wconf 88' lang='lat' dir='ltr'>filio</span> <span class='ocrx_word' id='word_1_353' title='bbox 562 2531 722 2572; x_wconf 84' lang='lat' dir='ltr'>magistro</span> <span class='ocrx_word' id='word_1_354' title='bbox 760 2529 904 2564; x_wconf 84' lang='lat' dir='ltr'>Jolianni</span> <span class='ocrx_word' id='word_1_355' title='bbox 934 2530 975 2564; x_wconf 89' lang='lat' dir='ltr'>de</span> <span class='ocrx_word' id='word_1_356' title='bbox 1010 2530 1151 2564; x_wconf 83' lang='lat' dir='ltr'>Dulmen</span> <span class='ocrx_word' id='word_1_357' title='bbox 1195 2530 1367 2576; x_wconf 89' lang='lat' dir='ltr'>capellano</span> <span class='ocrx_word' id='word_1_358' title='bbox 1411 2529 1500 2563; x_wconf 84' lang='lat' dir='ltr'>sedis</span> <span class='ocrx_word' id='word_1_359' title='bbox 1543 2528 1725 2574; x_wconf 89' lang='lat' dir='ltr'>apostolice</span> <span class='ocrx_word' id='word_1_360' title='bbox 1768 2527 1965 2561; x_wconf 86' lang='lat' dir='ltr'>audiendam</span> 
     </span>
     <span class='ocr_line' id='line_1_37' title="bbox 97 2586 1965 2637; baseline 0 -16"><span class='ocrx_word' id='word_1_361' title='bbox 97 2590 263 2621; x_wconf 89' lang='lat' dir='ltr'>commisit</span> <span class='ocrx_word' id='word_1_362' title='bbox 305 2591 337 2619; x_wconf 92' lang='lat' dir='ltr'>et</span> <span class='ocrx_word' id='word_1_363' title='bbox 380 2586 443 2620; x_wconf 83' lang='lat' dir='ltr'>sine</span> <span class='ocrx_word' id='word_1_364' title='bbox 487 2587 597 2621; x_wconf 84' lang='lat' dir='ltr'>debito</span> <span class='ocrx_word' id='word_1_365' title='bbox 627 2590 881 2634; x_wconf 81' lang='lat' dir='ltr'>terminandam,</span> <span class='ocrx_word' id='word_1_366' title='bbox 926 2594 1064 2637; x_wconf 88' lang='lat' dir='ltr'>ipseque</span> <span class='ocrx_word' id='word_1_367' title='bbox 1107 2591 1278 2625; x_wconf 72' lang='lat' dir='ltr'>,Iohannes</span> <span class='ocrx_word' id='word_1_368' title='bbox 1324 2590 1454 2623; x_wconf 79' lang='lat' dir='ltr'>auditor</span> <span class='ocrx_word' id='word_1_369' title='bbox 1493 2592 1522 2622; x_wconf 93' lang='lat' dir='ltr'>in</span> <span class='ocrx_word' id='word_1_370' title='bbox 1562 2599 1662 2622; x_wconf 90' lang='lat' dir='ltr'>causa</span> <span class='ocrx_word' id='word_1_371' title='bbox 1701 2587 1887 2622; x_wconf 88' lang='lat' dir='ltr'>huiusmodi</span> <span class='ocrx_word' id='word_1_372' title='bbox 1926 2587 1965 2621; x_wconf 89' lang='lat' dir='ltr'>ad</span> 
     </span>
     <span class='ocr_line' id='line_1_38' title="bbox 98 2649 1966 2697; baseline 0 -15"><span class='ocrx_word' id='word_1_373' title='bbox 98 2649 274 2683; x_wconf 87' lang='lat' dir='ltr'>nonnullos</span> <span class='ocrx_word' id='word_1_374' title='bbox 317 2653 409 2682; x_wconf 90' lang='lat' dir='ltr'>actus</span> <span class='ocrx_word' id='word_1_375' title='bbox 453 2650 537 2681; x_wconf 86' lang='lat' dir='ltr'>inter</span> <span class='ocrx_word' id='word_1_376' title='bbox 579 2654 691 2694; x_wconf 87' lang='lat' dir='ltr'>partes</span> <span class='ocrx_word' id='word_1_377' title='bbox 729 2653 817 2696; x_wconf 87' lang='lat' dir='ltr'>ipsas</span> <span class='ocrx_word' id='word_1_378' title='bbox 852 2651 974 2686; x_wconf 62' lang='lat' dir='ltr'>‘dicitur</span> <span class='ocrx_word' id='word_1_379' title='bbox 1012 2654 1231 2697; x_wconf 87' lang='lat' dir='ltr'>processisse.</span> <span class='ocrx_word' id='word_1_380' title='bbox 1290 2649 1370 2684; x_wconf 88' lang='lat' dir='ltr'>Cum</span> <span class='ocrx_word' id='word_1_381' title='bbox 1411 2655 1532 2691; x_wconf 60' lang='lat' dir='ltr'>antean</span> <span class='ocrx_word' id='word_1_382' title='bbox 1574 2651 1657 2682; x_wconf 89' lang='lat' dir='ltr'>sicut</span> <span class='ocrx_word' id='word_1_383' title='bbox 1696 2649 1813 2682; x_wconf 91' lang='lat' dir='ltr'>eadem</span> <span class='ocrx_word' id='word_1_384' title='bbox 1844 2651 1966 2695; x_wconf 85' lang='lat' dir='ltr'>peticio</span> 
     </span>
    </p>
   </div>
  </div>
 </body>
</html>
