2313 3090
1199 176 1273 211 282

302 284 482 315 universis.
514 281 601 326 quod
632 285 741 314 animo
772 280 954 314 deliberato
978 285 1009 313 et
1030 280 1071 314 de
1092 285 1184 314 certa
1205 286 1319 315 nostra
1341 284 1490 315 sciencia
1511 282 1628 315 illustri
1650 281 1779 316 Jodoco
1801 281 1987 315 marchioni
2008 280 2174 325 Moravie,

307 345 447 388 principi
477 347 507 375 et
537 347 655 388 patruo
684 346 799 375 nostro
830 344 1004 375 carissimo
1035 346 1067 375 et
1095 341 1260 376 nobilibus
1290 342 1449 377 Heinrico
1480 343 1520 377 de
1549 343 1775 388 Rosemberg,
1806 342 1966 376 Heinrico
1992 342 2032 376 de
2052 341 2201 376 Nova—-

305 403 404 436 domo
443 408 472 436 et
507 403 694 436 Brzenconi
726 402 765 435 de
796 401 909 445 Slzala,
954 413 993 435 ac
1022 402 1176 436 omnibns
1206 408 1235 436 et
1266 404 1406 448 singulis
1437 404 1508 438 aliis
1537 403 1730 447 baronibus„
1775 403 1942 447 militibus,
1987 402 2175 445 clientibus,

304 463 498 497 fautoribus.
530 462 768 496 adherentibus
798 467 828 495 et
858 462 1075 497 familiaribus
1106 467 1266 509 ipsorum.
1297 476 1380 510 quos
1409 476 1522 498 secum
1554 465 1592 498 ad
1623 469 1738 498 nostre
1760 467 1942 497 maiestatis
1963 466 2174 509 presenciam

302 524 473 557 ducendos
518 524 743 563 decreverint,
788 525 1003 556 securitatem
1046 527 1153 557 nostri
1196 525 1282 558 salvi
1325 525 1508 559 conductus
1545 525 1695 558 dedimus
1735 529 1765 558 et
1806 524 2019 566 donavimus,
2058 523 2175 557 damus

302 588 425 618 virtute
459 587 670 629 presencium
700 587 902 628 generosius
933 589 962 617 et
994 585 1156 618 donamus
1187 596 1203 618 a
1236 585 1308 618 data
1340 586 1393 619 die
1421 589 1633 631 presencium
1665 597 1769 631 usque
1800 586 1840 619 ad
1871 585 1957 618 diem
1988 581 2176 618 P'almarum

302 651 478 679 venturam
514 648 680 690 proxime,
724 648 795 690 ipso
827 644 880 678 die
909 645 1036 679 incluso
1066 657 1126 691 pro
1156 645 1363 683 tractatibus,
1407 649 1493 680 inter
1522 658 1583 680 nos
1613 647 1769 680 videlicet
1799 657 1915 691 regem
1944 645 2175 685 Romanorum

305 712 334 739 et
375 707 478 739 dictos
517 705 746 739 marchionem
786 710 816 739 et
855 704 1002 739 barones
1036 706 1156 740 dudum
1187 710 1358 752 conceptis
1388 706 1529 741 finaliter
1559 708 1807 741 consumandis.
1851 707 1891 740 ad
1927 718 1988 741 nos
2017 706 2176 740 veniendi

306 766 478 800 nobiscum
519 765 624 799 standi
663 770 693 799 et
733 777 749 799 a
787 765 883 799 nobis
922 765 962 799 ad
1000 770 1136 812 propria
1167 768 1332 802 domicilia
1361 767 1466 802 libere
1496 769 1703 812 revertendi,
1746 779 1807 814 pro
1836 767 1932 802 nobis
1962 772 1995 801 et
2023 766 2177 801 omnibus

304 827 375 869 hiis‚
419 829 473 871 qui
509 837 609 859 eausa
648 829 751 860 nostri
791 826 913 860 faciunt
954 831 985 860 et
1022 827 1197 871 dimittunt,
1242 829 1317 862 dolo
1355 833 1386 862 et
1424 829 1542 863 fraude
1572 829 1771 875 quibuslibet
1801 829 2030 874 proculmotis,
2073 827 2176 862 rebus

302 891 446 932 ipsorum
485 886 705 932 quorumlibet
741 887 844 921 salvis
874 890 999 933 pariter
1029 893 1061 921 et
1084 892 1248 934 personis.
1308 889 1543 923 Promittentes
1581 893 1613 923 in
1648 889 1753 923 verbo
1783 892 1879 934 regio
1909 889 1997 923 hunc
2025 893 2175 923 nostrum

301 947 430 981 salvum
480 948 681 981 conductum
720 959 737 981 a
778 948 830 981 die
869 948 944 982 data
983 952 1196 994 presencium
1235 961 1340 995 nsque
1379 951 1418 983 ad
1456 951 1541 984 diem
1581 950 1768 984 Palmarum
1806 950 1971 984 inclusive
2008 960 2070 995 per
2102 959 2178 993 nos,

303 1008 451 1041 fautores
491 1012 523 1041 et
560 1007 764 1042 adherentes
805 1013 951 1042 nostros.
996 1013 1235 1056 cuiuscumque
1273 1015 1377 1045 status
1416 1011 1645 1045 condiecionis
1685 1015 1715 1044 et
1754 1013 2005 1057 preeminencie
2042 1009 2178 1053 fuerint,

302 1072 386 1102 sicut
418 1072 629 1114 premittitur,
660 1073 731 1102 sine
761 1069 878 1103 fraude
908 1070 1147 1105 inviolabiliter
1176 1072 1373 1106 observare.
1404 1072 1621 1107 Presencium
1653 1071 1713 1106 sub
1742 1074 1838 1117 regie
1858 1075 1974 1105 nostre
1993 1073 2178 1105 maiestatis

299 1130 419 1174 sigillis
457 1133 647 1164 testimonio
677 1130 859 1164 literarum.
918 1131 1038 1165 Datum
1069 1131 1178 1177 Prage
1209 1144 1295 1167 anno
1326 1133 1450 1167 domini
1480 1133 1656 1166 millesimo
1687 1135 1925 1166 trecentesimo
1955 1134 2177 1177 nonagesimo

303 1195 413 1229 sexto,
443 1190 581 1224 sabbato
611 1194 766 1236 proximo
797 1196 872 1225 ante
903 1192 1102 1226 dominicam
1133 1193 1264 1237 Letare‚
1283 1186 1477 1239 vregnorum
1507 1199 1698 1227 nostrorum
1730 1204 1816 1227 anno
1838 1193 1976 1227 Boemie
2005 1195 2176 1227 tricesimo

301 1254 416 1291 tercio,
447 1251 677 1285 Romanorum
707 1263 791 1285 vero
821 1255 999 1287 vicesimo,

613 1356 688 1391 (Auf
710 1357 759 1383 der
782 1357 924 1383 Plieatur:
949 1358 1004 1383 Per
1028 1359 1173 1385 dominum
1196 1360 1366 1394 Procopium
1392 1360 1587 1386 marchionem
1612 1360 1743 1386 Mor-avie
1768 1359 1957 1385 Weneeslaus
1975 1359 2009 1385 de
2027 1358 2177 1385 Olomucz.

508 1424 550 1428 —-
574 1410 608 1434 In
632 1410 733 1435 dorso:
770 1411 803 1436 R.
828 1411 1049 1437 Bau-tholomeus
1073 1412 1107 1437 de
1131 1412 1214 1438 Nova
1239 1413 1366 1441 civitate.
1390 1427 1433 1432 ·--
1458 1412 1537 1446 Orig.
1564 1413 1645 1446 Pei-g.
1671 1413 1722 1437 mit
1747 1413 1763 1437 ‘2
1789 1412 1876 1448 hang.
1902 1411 1971 1446 hig„
1995 1419 2099 1437 wovon
2124 1411 2177 1436 das

508 1464 583 1487 erste
615 1462 659 1487 ein
692 1462 828 1488 wohlerh,
862 1463 1042 1497 Doppelsig.,
1079 1464 1131 1490 das
1155 1466 1254 1491 zweite
1279 1466 1390 1491 kleiner
1414 1465 1470 1490 und
1496 1464 1666 1498 beschadigt
1690 1465 1735 1496 ist,
1771 1465 1807 1489 im
1832 1473 1868 1490 m.
1894 1454 2176 1490 Landes-Archive.)

1187 1637 1296 1673 305.

302 1710 444 1755 Ludat-ig]
473 1723 539 1745 eon
564 1711 679 1746 Ube'se'n
708 1713 872 1758 ‘cerlrauft
892 1714 955 1748 das
976 1713 1202 1759 DorfCrlzoo·
1231 1717 1305 1750 dem
1333 1716 1445 1750 Mioez'lz·
1474 1726 1539 1749 ron
1576 1715 1710 1759 rojecta
1742 1727 1796 1749 um
1824 1714 1875 1749 99
1905 1714 2009 1748 Mar-lt
2037 1714 2176 1759 Praqer

853 1775 1040 1810 Groschen.
1073 1775 1132 1810 Dt.
1164 1776 1224 1811 15.
1264 1777 1365 1811 Mcz'rz·
1405 1776 1516 1811 1396.
1546 1790 1572 1810 s.
1605 1776 1626 1811 l.

458 1848 641 1904 Noverint
679 1873 830 1905 universi
868 1875 1045 1917 presencia
1082 1875 1263 1918 inspecturi
1302 1878 1334 1907 et
1362 1873 1491 1907 lecturi.
1549 1872 1645 1914 Quod
1676 1884 1740 1918 ego
1770 1870 2010 1907 Lodvicus‘de
2038 1871 2175 1907 Ubissin

301 1931 412 1962 animo
449 1929 633 1965 deliberato
673 1930 757 1965 bona
798 1943 871 1965 mea
908 1932 1081 1967 voluntate
1116 1944 1199 1968 sano
1237 1938 1267 1967 et
1305 1939 1435 1968 maturo
1473 1936 1655 1967 amicorum
1694 1944 1846 1967 meorum
1883 1933 2024 1967 consilio
2061 1932 2174 1967 villam

301 1990 421 2024 dictam
454 1990 601 2026 Czrhow
631 2003 705 2026 cum
734 2004 800 2027 imo
830 1993 1021 2028 molendino
1051 2006 1125 2028 cum
1155 1997 1324 2029 universis
1352 1998 1581 2041 pertinenciis,
1612 1994 1769 2028 censibus
1799 1998 1831 2028 et
1860 1993 2066 2038 utilitatibus,
2097 2005 2171 2028 cum

300 2054 392 2095 agris
413 2051 507 2085 cultis
529 2057 559 2085 et
581 2053 724 2096 incultis,
746 2056 848 2098 prat1s
869 2057 1003 2100 pascuis
1023 2055 1117 2089 silvis
1138 2055 1332 2090 nemoribus
1353 2060 1435 2091 rivis
1456 2061 1488 2090 et
1503 2055 1649 2090 sontibus
1667 2055 1910 2090 venacionilnis
1926 2053 2174 2101 piscacionibus

303 2123 377 2145 cum
408 2116 498 2146 omni
527 2117 733 2159 proprietate
763 2115 802 2148 ad
834 2115 920 2149 dicta
950 2115 1036 2149 bona
1065 2120 1253 2162 pertinente
1283 2128 1356 2151 cum
1387 2120 1624 2151 communitate
1655 2119 1750 2150 metis
1780 2121 1810 2151 et
1841 2115 1995 2161 gadibus,
2026 2112 2103 2161 ¹que
2133 2115 2174 2149 ad

301 2176 464 2218 premissa
503 2173 587 2207 bona
627 2178 795 2220 pertinent
828 2187 887 2209 seu
917 2176 1038 2210 amodo
1068 2181 1237 2222 pertinere
1266 2183 1415 2223 possunt,
1460 2177 1561 2211 nichil
1591 2177 1690 2211 michi
1721 2181 1839 2211 iurium
1869 2181 1924 2211 aut
1953 2177 2090 2211 dominii
2119 2180 2176 2210 aut

302 2234 447 2267 utilitatis
487 2239 518 2268 et
548 2235 728 2270 heredibus
761 2239 843 2271 meis
882 2239 1104 2281 reservando,
1134 2238 1192 2272 sed
1223 2243 1321 2284 prout
1350 2238 1522 2284 hucusque
1552 2241 1641 2272 tenui
1671 2237 1878 2284 pacificeque
1907 2237 2054 2284 possedi,
2098 2247 2172 2271 cum

303 2294 400 2339 pleno
430 2298 500 2328 iure
532 2301 563 2329 et
593 2296 751 2339 dominio,
788 2300 874 2331 iusto
905 2299 1115 2333 vendicionis
1146 2300 1237 2333 titulo
1266 2300 1400 2334 vendidi
1431 2304 1463 2333 et
1493 2302 1664 2345 resignavi
1695 2303 1727 2333 et
1756 2297 1970 2345 presentibus
1998 2297 2111 2333 vendo
2142 2302 2176 2332 et

302 2359 439 2399 resigno
468 2355 611 2390 honesto
642 2360 716 2391 viro
744 2357 905 2392 Mixiconi
937 2359 977 2393 de
1006 2359 1176 2394 Woietziu
1207 2363 1275 2395 suis
1304 2365 1337 2394 et
1356 2360 1536 2394 heredibus
1557 2365 1588 2394 et
1609 2363 1712 2406 ipsius
1734 2363 1830 2394 uxori
1852 2360 2014 2405 legittime
2033 2358 2173 2393 Zdintze
2220 2386 2223 2390 .

301 2416 341 2449 de
370 2416 557 2451 VVodierad
588 2422 619 2451 et
648 2419 688 2452 ad
718 2430 835 2453 manus
866 2419 980 2454 fideles
1009 2420 1116 2454 Kolde
1146 2421 1186 2454 dc
1215 2421 1384 2467 Zampach
1416 2426 1446 2455 ct
1475 2421 1632 2455 lvitoslai
1663 2423 1703 2455 de
1732 2420 1920 2455 W’odierad
1948 2431 2009 2466 pro
2039 2425 2171 2454 centum

302 2480 408 2511 miuus
449 2489 512 2511 una
553 2482 674 2513 marcis
712 2491 910 2524 grossorum
949 2485 1164 2527 pragensium
1202 2485 1364 2516 moravici
1402 2485 1531 2516 numeri
1569 2487 1601 2516 ct
1638 2484 1841 2528 pagamcnti,
1877 2483 2055 2527 sexaginta
2084 2479 2174 2514 IIIInl

300 2549 440 2574 <grossos
470 2550 530 2584 pro
560 2540 705 2585 qualibet
735 2552 848 2575 marca
879 2543 1113 2588 computando.
1146 2542 1219 2585 Que
1248 2543 1379 2588 quidem
1411 2542 1496 2577 hona
1519 2546 1628 2577 omnia
1652 2546 1814 2589 premissa
1836 2554 1899 2576 una
1921 2553 1996 2576 cum
2017 2541 2172 2576 omnibus

303 2603 516 2643 pertinenciis
556 2601 797 2637 adiacentibus.
841 2602 1094 2649 (piibuscmique
1132 2603 1320 2650 nominibus
1349 2609 1562 2638 censeantur.
1607 2616 1671 2648 ego
1701 2603 1869 2637 Lodvicus
1898 2602 2068 2649 predictus
2097 2613 2172 2636 cum

302 2658 482 2693 heredibus
520 2664 601 2695 meis
638 2666 666 2695 et
706 2662 959 2697 fideiussoribus
990 2664 1211 2710 infrascriptis
1241 2675 1314 2698 cum
1345 2663 1551 2698 Bohuucone
1582 2665 1621 2698 de
1651 2664 1765 2699 Dohra
1795 2663 1920 2707 lVoda,
1950 2661 2102 2698 Pescone
2131 2663 2173 2697 de
