2313 3090
1040 219 1106 253 :371

1016 392 1122 427 409.

144 470 251 505 Pabs!
286 470 437 514 Bom'faz-
474 469 537 502 IX.
577 473 718 502 ernetm!
754 471 816 503 alen
847 470 1040 512 ltisleerissen
1073 469 1221 513 Be'seltos
1246 481 1306 502 rou
1338 468 1461 502 Lebus.
1492 469 1641 502 dolatum
1674 479 1744 501 zum
1778 467 1942 511 Bisa-hose
1973 469 2004 499 in

279 530 410 564 Olmz‘ztz-
442 531 509 563 wod
537 531 706 574 empsielelt
736 530 791 563 ism
823 532 894 564 dem
928 531 1060 573 l’raqer
1090 530 1332 574 Erz-be'scleos'e.
1364 529 1421 563 Dt.
1455 530 1540 562 Rom
1572 530 1630 562 20.
1662 528 1735 561 ι11(Ιί
1764 528 1874 562 1397.

303 607 516 660 Bonifacius
553 630 730 672 episcopus
760 639 880 661 servus
910 638 1087 661 servorum
1118 626 1168 660 dei
1201 625 1382 659 venerabili
1414 626 1519 667 frati-h
1562 624 1816 670 archiepiscopo
1847 624 2007 669 l‘ragensi

88 699 99 702 ·
145 687 285 721 salutem
323 692 354 721 et
385 687 601 733 apostolicam
633 687 919 721 beiwdiceionem.
979 687 1029 721 Ad
1061 687 1226 720 cumulum
1258 691 1311 720 tue
1341 686 1426 719 cedit
1457 686 1570 719 salutis
1601 690 1630 719 et
1662 685 1761 723 fame„
1791 688 1817 718 si
1847 695 2009 730 personas

146 748 405 792 ecclesiasticas,
436 750 611 794 presertim
642 748 819 793 pontificali
851 749 1010 793 dignitate
1050 748 1206 793 predita&
1246 748 1357 780 divine
1393 749 1650 792 propiciacionis
1689 748 1803 779 1111111111
1834 747 2008 790 opportuni

144 808 281 855 presidii
320 814 351 843 et
389 808 517 843 favoris
555 812 669 854 gracia
707 812 932 855 prosequaris.
990 809 1119 842 Dudum
1159 809 1320 853 siquidem
1359 808 1446 841 bone
1477 809 1638 840 memorie
1668 806 1818 840 Nicolao.
1850 809 2008 851 episcopo

145 869 375 913 olomucensi,
404 872 560 914 regimini
586 868 821 904 Olomucensis
852 870 994 903 ecclesie
1025 870 1215 915 presidente
1245 880 1304 902 nos
1334 871 1505 914 cupientes
1535 868 1641 902 eidem
1664 867 1819 903 ecclesie.
1841 876 2008 899 cumeani

146 942 270 965 vacare
300 933 525 975 contingeret,
556 941 614 976 per
644 930 827 976 apostolice
857 931 945 964 sedis
975 930 1224 976 providenciam
1255 930 1366 963 utilem
1397 934 1428 963 ct
1448 929 1601 963 idoneam
1625 928 1797 974 presidere
1819 938 2010 973 personam.

145 994 374 1038 provisionem
414 992 563 1035 ejusdem
601 991 745 1025 ecclesie
775 991 981 1024 ordinacioui
1013 995 1042 1024 et
1074 990 1287 1036 disposicioni
1317 995 1431 1024 nostre
1462 990 1616 1023 duximus
1649 1000 1686 1022 ea
1718 991 1792 1022 viee
1821 988 2011 1034 specialiter

145 1052 401 1096 reservandam,
431 1052 654 1086 decernentes
683 1056 805 1085 extunc
836 1055 961 1085 irritum
992 1056 1023 1084 et
1052 1055 1160 1085 inane.
1192 1054 1217 1085 si
1248 1063 1345 1085 secus
1374 1062 1475 1096 super
1503 1050 1554 1084 his
1576 1061 1634 1095 per
1655 1060 1871 1094 (pioseunque
1892 1050 2009 1093 quavis

146 1116 344 1147 auctoritate
379 1116 527 1147 scienter
569 1113 623 1147 vel
654 1115 850 1158 ignoranter
879 1115 1086 1156 contingeret
1118 1115 1317 1158 attemptari.
1375 1111 1586 1145 Postmodum
1618 1110 1745 1155 prefata
1777 1109 1920 1143 ecclesia
1951 1120 2010 1154 per

146 1173 270 1208 obitum
301 1174 449 1218 ejusdem
480 1173 609 1208 Nicolai
639 1176 798 1219 episcopi.
830 1177 882 1218 qui
913 1177 1006 1207 extra
1039 1173 1221 1206 l'1omauam
1253 1175 1376 1206 curiam
1400 1172 1484 1205 diem
1507 1171 1622 1205 clausit
1644 1175 1843 1213 extremum7
1865 1171 2009 1215 pastoris

146 1235 273 1269 solacio
312 1235 479 1278 destituta,
523 1246 584 1269 nos
621 1237 806 1269 vacaeioue
845 1234 1031 1277 hujusmodi
1070 1234 1132 1267 side
1162 1234 1270 1278 (lignis
1299 1232 1457 1266 relatibus
1488 1232 1667 1274 intellectae
1711 1231 1749 1264 ad
1780 1233 2007 1276 provisionem

147 1296 296 1340 ejusdem
336 1295 480 1329 ecclesie
519 1296 664 1329 celerem
705 1300 737 1329 et
775 1295 919 1337 felicem,
963 1295 1003 1328 de
1038 1306 1100 1340 qua
1139 1295 1244 1328 nullus
1283 1299 1395 1339 preter
1433 1305 1494 1327 nos
1533 1305 1570 1326 ea
1611 1295 1685 1326 vice
1723 1304 1759 1325 se
1789 1293 2009 1324 intromittere

146 1360 299 1403 potuerat
336 1368 445 1402 neque
482 1361 623 1402 poterat.
667 1358 906 1390 reservacione
947 1360 975 1389 et
1009 1356 1144 1389 decreto
1174 1354 1409 1389 obsistentibus
1439 1353 1647 1399 supradictis‚
1693 1363 1734 1385 ne
1764 1351 1909 1384 ecclesia
1940 1353 2011 1395 ipse

146 1417 247 1462 longe
290 1420 485 1451 vacacionis
532 1421 761 1463 exponeretur
805 1416 1024 1450 incommodis
1066 1419 1212 1462 paternis
1259 1420 1291 1448 et
1325 1414 1478 1448 sollicitis
1516 1413 1632 1448 studiis
1671 1411 1895 1453 intemlentes‚
1934 1414 2008 1456 post

148 1477 443 1521 deliberacionem,
486 1489 584 1524 quam
623 1479 663 1512 de
701 1477 906 1524 preficiendo
937 1478 1043 1511 eidem
1074 1477 1217 1510 ecclesie
1257 1486 1435 1522 personam
1466 1475 1576 1508 utilem
1609 1478 1641 1507 et
1670 1476 1774 1506 eriam
1806 1472 2008 1505 fructuosam

147 1549 220 1572 cum
252 1538 409 1573 fratribus
437 1542 560 1573 nostris
590 1538 764 1573 habuimus
795 1539 999 1583 diligentem,
1030 1538 1160 1571 demum
1183 1537 1222 1570 ad
1243 1536 1470 1570 venerabilem
1493 1535 1629 1569 fratrem
1651 1539 1799 1568 nostrum
1821 1531 2009 1565 Joliannem

148 1599 408 1634 Olomucensem
447 1604 524 1634 tunc
559 1599 791 1634 Lubucensem
830 1603 1033 1646 episcopum.
1074 1597 1293 1631 consideratis
1331 1597 1508 1641 grandium
1549 1598 1704 1629 virtutum
1741 1594 1847 1635 donis,
1891 1591 2008 1637 quibus

146 1671 325 1706 personam
361 1671 454 1694 suam
490 1661 618 1694 illarum
657 1661 798 1706 largitor
835 1661 986 1694 dominus
1025 1661 1193 1703 insignivit
1231 1663 1262 1692 et
1300 1658 1385 1703 quod
1424 1661 1496 1703 ipse
1525 1656 1696 1690 Johannes
1726 1657 1914 1700 episcopus,
1958 1655 2011 1697 qui

147 1725 301 1767 regimini
340 1721 547 1756 Lubucensis
584 1722 728 1756 ecclesie
767 1722 927 1755 hactenus
957 1720 1165 1754 laudabiliter
1194 1719 1326 1765 prefuit7
1371 1718 1510 1752 eandem
1543 1716 1801 1750 Olomucensem
1833 1714 2010 1747 ecclesiam

149 1785 231 1817 sciet
268 1787 300 1816 et
337 1786 457 1829 poterit
495 1787 613 1817 autore
652 1782 786 1817 domino
815 1782 992 1817 salubriter
1021 1792 1143 1825 regere
1173 1785 1204 1813 et
1234 1780 1375 1813 fideliter
1402 1779 1607 1824 gubernare,
1638 1779 1867 1811 convertimus
1897 1774 2012 1808 oculos

148 1848 263 1878 nostre
300 1847 431 1878 mentis.
486 1844 702 1878 Intendentes
732 1847 833 1889 igitur
862 1848 925 1877 tam
957 1845 1015 1888 ipsi
1046 1842 1259 1875 (llomucensi
1291 1840 1445 1883 ecclesie„
1488 1850 1585 1885 quam
1616 1840 1687 1882 ejus
1716 1839 1813 1882 gregi
1845 1835 2011 1869 dominico

148 1904 327 1939 salubriter
360 1905 542 1951 providere
572 1905 692 1939 dictum
722 1905 910 1939 Johannem
941 1907 1133 1949 episcopum
1163 1914 1180 1935 a
1210 1902 1355 1940 vinculo„
1386 1912 1451 1946 quo
1481 1899 1609 1946 prefate
1640 1898 1783 1932 ecclesie
1812 1895 2011 1931 Lubucensi.

149 1968 200 2000 cui
229 1970 308 1999 tunc
336 1971 483 2012 preerat‚
513 1965 700 2009 tenebatur,
739 1966 779 1999 de
809 1966 968 1999 dictorum
1002 1964 1137 1997 fratrum
1168 1963 1306 1996 consilio
1336 1966 1364 1995 et
1396 1960 1579 2007 apostolice
1608 1961 1780 2006 potestatis
1810 1955 2012 2003 plenitudine

149 2026 364 2061 absolventes
402 2030 507 2072 ipsum
547 2027 586 2060 ad
626 2027 765 2061 eandem
807 2026 1062 2060 (ilomucensein
1104 2024 1280 2057 ecclesiam
1320 2025 1516 2055 auctoritate
1553 2020 1733 2066 apostoliea
1775 2017 2011 2051 transtulimus.

148 2091 322 2134 ipsumque
350 2088 394 2122 illi
425 2088 626 2134 prefecimus
656 2091 686 2121 in
718 2090 909 2133 episcopum
941 2091 970 2119 et
1002 2090 1181 2131 pastorem.
1211 2095 1322 2117 euram
1345 2087 1373 2115 et
1396 2083 1721 2116 administracionem
1745 2081 1846 2125 ipsius
1868 2077 2011 2110 01011111-

149 2151 260 2183 censis
295 2149 438 2183 ecclesie
477 2148 538 2182 sibi
577 2151 607 2182 iu
644 2147 867 2194 spiritualibus
905 2152 933 2181 et
974 2145 1209 2192 temporalibus
1248 2144 1394 2190 plenarie
1425 2142 1672 2175 committendo.
1716 2140 1922 2183 liberamque
1952 2137 2011 2171 sibi

150 2210 259 2244 dando
287 2210 460 2244 licenciam
491 2210 530 2243 ad
562 2212 666 2256 ipsam
696 2209 953 2243 Olomucensein
984 2208 1161 2241 ecclesiam
1191 2203 1396 2238 transeundi.
1427 2202 1518 2236 firma
1541 2214 1599 2248 spe
1621 2202 1808 2245 fiduciaque
1830 2201 2012 2243 conceptis„

150 2271 238 2317 quod
267 2271 433 2316 dirigente
463 2270 597 2304 domino
627 2275 720 2305 actus
750 2281 827 2304 suos
858 2269 983 2315 prefata
1015 2268 1247 2301 Olomucensis
1277 2265 1418 2298 ecelesia
1449 2275 1508 2309 per
1539 2266 1639 2309 ipsius
1668 2261 1830 2296 Johannis
1864 2260 2011 2304 episcopi

150 2332 311 2367 industrie
347 2336 377 2365 et
417 2334 732 2377 circumspeccirmis
769 2330 910 2365 studium
952 2330 1154 2362 fructuosum
1195 2327 1314 2359 utiliter
1350 2330 1381 2357 et
1409 2335 1570 2370 prospere
1600 2324 1761 2367 dirigetur
1790 2324 1952 2363 grataque
1982 2321 2012 2351 iu

151 2393 276 2427 eisdem
307 2393 530 2438 spiritualibus
561 2398 590 2426 et
622 2392 857 2438 temporalibus
887 2393 1040 2435 suscipiet
1076 2391 1290 2421 incrementa.
1335 2385 1414 2419 Cum
1447 2387 1558 2429 icitur,
1588 2388 1619 2416 ut
1651 2382 1735 2416 idem
1768 2383 1946 2426 episeopus
1982 2380 2012 2411 in

151 2457 329 2489 commissa
369 2454 429 2487 sibi
470 2454 618 2499 predicte
654 2453 797 2487 ecclesie
837 2452 1071 2485 Oloniueensis
1110 2460 1187 2481 eura
1219 2447 1346 2481 facilius
1376 2445 1540 2491 prolicere
1571 2444 1691 2477 valeat.
1723 2447 1795 2475 tuus
1826 2440 1924 2473 favor
1954 2438 2014 2472 sibi

152 2526 227 2550 esse
272 2519 430 2548 noscatur
467 2514 642 2559 plurimum
682 2518 900 2559 opportunus,
940 2512 1182 2545 fraternitatem
1222 2513 1306 2541 tuam
1347 2517 1516 2543 rogamus.
1561 2514 1735 2537 monemus
1775 2505 1805 2534 et
1845 2500 2017 2533 hortamur

152 2580 277 2611 attente
305 2587 366 2621 per
394 2575 575 2620 apostoliea
606 2574 662 2607 tibi
692 2577 813 2619 scripta
845 2573 1051 2614 mandante&
1091 2574 1251 2615 quatenus
1282 2568 1420 2601 eundem
1452 2569 1643 2611 episcopum
1677 2576 1714 2596 ae
1745 2561 1922 2595 eeclesiam
1953 2558 2013 2592 sibi

153 2640 377 2672 commissam.
422 2636 667 2676 sull'rag‘aneam
699 2639 785 2668 tuam
817 2633 944 2667 liabens
975 2642 1034 2678 pro
1066 2634 1167 2665 nostri
1199 2635 1226 2663 et
1258 2628 1439 2674 apostolice
1469 2626 1556 2659 sedis
1587 2626 1783 2658 reverencia
1816 2622 2014 2667 propensius

154 2698 416 2739 commendatos,
462 2700 491 2730 in
531 2695 726 2741 ampliandis
757 2699 786 2728 et
817 2693 1061 2728 conservandis
1087 2691 1216 2735 juribus
1247 2689 1394 2733 ejusdem
1427 2687 1658 2719 (llomucensis
1689 2684 1832 2717 ecclesie
1862 2684 1909 2714 sic
1939 2691 2012 2713 euin

1853 2743 1866 2767 4
1876 2740 1912 2767 τ
