2313 3090
1163 167 1236 200 49⁴

266 270 390 304 l'rbaui
431 282 513 316 pape
552 271 592 304 V.
623 271 876 316 predecessoris
905 271 944 303 ad
976 270 1203 305 marchionem
1236 275 1415 317 magistros
1445 275 1567 306 civium
1599 273 1724 306 iudices
1755 276 1878 308 iuratos
1907 273 2063 308 scabinos
2093 285 2131 308 ac

265 336 416 365 rectores
453 332 539 365 dicte
578 334 723 364 civitatis
764 331 998 364 Olomucensis
1034 337 1211 376 presentes
1242 338 1270 365 et
1302 338 1467 378 posteros.
1498 336 1550 378 qui
1581 336 1670 379 ipsos
1701 334 1862 368 decanum
1892 340 1924 368 et
1954 337 2130 380 capitulum

267 392 319 425 vel
351 395 533 425 canonicos
563 397 617 424 aut
647 403 810 437 psa-sonas
841 395 1041 426 coniunctim
1073 392 1127 426 vel
1158 394 1287 427 divisim
1328 394 1445 429 banire
1482 400 1537 429 aut
1572 395 1786 440 proscribere
1806 407 1870 431 nec
1890 408 1954 431 non
1976 403 2130 433 statutum

265 457 293 485 et
326 453 575 485 ordinacionem
606 452 754 497 predicta
787 455 893 486 eciam
923 454 961 486 ad
993 453 1218 493 marchiones.
1249 455 1350 489 duces
1381 459 1520 490 comites
1549 455 1695 490 barones
1724 456 1853 490 nobiles
1882 458 2003 492 milites
2023 462 2130 493 armi-

264 525 366 557 geros
403 513 505 546 laicos
545 517 801 547 communitates
837 519 867 547 et
904 517 1141 548 universitates
1180 515 1379 559 hulusmodi,
1417 520 1471 562 qui
1510 520 1711 551 coniunctim
1745 518 1800 551 vel
1830 517 1963 552 divisim
1992 520 2130 555 colonos

264 574 317 607 vel
358 577 553 607 censuarios
589 577 662 607 sive
701 575 923 608 reddituarios
959 576 1089 609 villicos
1127 579 1270 610 rusticos
1310 578 1462 612 homines
1492 582 1523 611 et
1552 577 1701 612 subditos
1731 578 1919 612 huiusmodi
1950 579 2068 615 decani
2098 585 2131 615 et

264 635 405 680 capituli.
439 637 676 668 canonicorum
709 640 739 668 et
770 647 991 681 personarum
1024 637 1206 670 eorundem
1238 639 1400 672 invadere
1430 650 1552 685 capere
1583 641 1755 684 captivare
1785 643 2022 676 exaccionare.
2044 652 2130 687 cap-

264 699 349 729 tivos
386 696 546 729 detinere.
587 696 774 730 verberare
814 697 965 730 mutilare
1001 697 1191 732 interficere
1230 705 1283 733 ant
1321 699 1401 733 alias
1437 700 1522 733 male
1553 703 1709 737 tractare.
1740 702 1813 733 sive
1842 699 1939 735 bonis
1969 705 2001 735 et
2029 701 2130 737 rebus

263 768 378 791 eornm
410 757 554 801 spoliare
584 761 861 802 presumpserint.
893 758 1078 792 extendere
1108 765 1139 793 et
1169 761 1249 794 alias
1279 763 1309 794 in
1340 763 1511 806 premissis
1542 760 1666 793 eisdem
1698 760 1826 793 decano
1856 765 1888 794 et
1917 762 2062 807 capitulo
2091 774 2130 798 ac

263 821 431 852 canonicis
462 823 493 852 et
522 821 676 864 personis
706 821 736 851 in
766 822 939 864 premissis
969 820 1148 855 salubriter
1176 822 1369 868 providere.
1400 821 1441 854 de
1470 820 1606 866 speciali
1636 823 1751 865 gracia
1783 820 2009 865 dignaremur.
2058 821 2128 858 Nos

261 882 360 923 igitur
399 879 524 913 eisdem
565 880 692 912 decano
728 884 758 912 et
789 880 931 925 capitulo
962 891 1000 913 ae
1031 885 1203 917 canonicis
1233 888 1263 917 et
1293 885 1447 928 personis
1477 885 1509 915 in
1539 884 1712 927 premissis
1746 880 1894 915 efficacis
1924 882 2129 918 defensionis

261 940 382 973 auxilio
421 940 615 985 providere.
652 945 686 973 ut
714 952 775 986 per
805 940 990 975 huiusmodi
1021 945 1250 987 provisionem
1281 943 1464 977 eorundem
1500 942 1722 988 reproborum
1753 947 1988 988 compescatur
2016 948 2128 978 teme-

261 1005 339 1034 ritas
377 1006 407 1035 et
436 1012 497 1047 per
526 1001 589 1035 hoc
619 1004 722 1035 eciam
754 1005 843 1035 viam
874 1005 1008 1037 ceteris.
1038 1014 1079 1037 ne
1109 1004 1226 1038 similia
1257 1007 1475 1046 committant7
1505 1002 1705 1048 precludere
1735 1005 1909 1048 cupientes
1938 1015 1977 1038 ac
2005 1004 2128 1039 huius-

260 1062 347 1095 modi
386 1062 688 1108 supplicacionibns
725 1063 871 1097 inclinati
910 1067 1188 1098 constitucionem
1226 1070 1340 1099 contra
1382 1064 1595 1098 marchiones
1633 1066 1813 1108 magistros
1847 1067 1969 1099 civium
1999 1065 2128 1100 iudices

260 1127 383 1157 iuratos
422 1129 452 1157 et
482 1123 637 1157 scabinos
667 1135 706 1158 ac
735 1129 898 1158 rectores.
930 1127 983 1169 qui
1013 1129 1087 1158 sunt
1119 1129 1150 1158 et
1179 1131 1273 1159 erunt
1302 1137 1362 1172 pro
1393 1130 1555 1171 tempore.
1586 1127 1639 1170 qui
1670 1125 1710 1158 de
1753 1130 1867 1159 cetero
1905 1126 2066 1160 decanum
2097 1131 2130 1161 et

259 1184 435 1229 capitulum
473 1189 525 1217 aut
566 1188 748 1218 canonicos
785 1185 838 1218 vel
876 1196 1038 1230 personas
1078 1185 1264 1220 huiusmodi
1305 1189 1526 1219 communiter
1557 1186 1610 1219 vel
1640 1186 1771 1219 divisim
1801 1185 1942 1220 bannire
1970 1187 2127 1232 relegare

259 1245 313 1278 vel
350 1245 564 1291 proscribere
600 1246 641 1279 de
680 1249 816 1280 civitate
855 1246 1004 1280 districtu
1036 1246 1091 1280 vel
1120 1250 1217 1280 terris
1247 1248 1372 1281 eisdem
1405 1246 1607 1280 marchionis
1637 1249 1811 1280 memorati
1840 1258 1880 1280 ac
1909 1252 2065 1282 statutum
2095 1252 2129 1282 et

257 1306 507 1340 ordinacionem
538 1306 686 1352 predicta
719 1310 824 1340 eciam
855 1312 970 1340 contra
1002 1307 1218 1342 marchiones
1248 1308 1349 1342 duces
1379 1311 1519 1341 comites
1549 1307 1694 1341 barones
1723 1306 1852 1341 nobiles
1878 1307 1999 1343 milites
2019 1311 2127 1343 armi-

255 1378 357 1411 geros
397 1367 514 1402 laicos.
554 1371 810 1402 communitates
840 1372 870 1401 et
900 1371 1138 1403 universitates
1167 1379 1396 1414 quoscunque,
1436 1371 1490 1414 qui
1521 1371 1627 1401 eciam
1657 1370 1878 1402 communiter
1906 1368 1962 1403 vel
1991 1369 2124 1403 divisim

257 1428 395 1462 colonos
435 1432 631 1462 censuarios
668 1429 892 1463 reddituarios
928 1429 1072 1463 villicos.
1112 1432 1256 1463 rusticos
1295 1429 1446 1463 homines
1486 1434 1518 1463 et
1555 1429 1705 1463 subditos
1744 1428 1934 1463 huiusmodi
1963 1429 2125 1464 dictorum

258 1488 376 1522 decani
415 1494 445 1523 et
482 1490 614 1535 capituli
653 1501 692 1523 ac
729 1478 983 1524 canonicorum
1008 1495 1040 1524 et
1078 1501 1299 1536 personarum
1334 1502 1456 1536 capere
1486 1490 1542 1524 vel
1571 1490 1747 1532 invadere,
1777 1492 1929 1535 captivos
1958 1489 2127 1526 abducere

256 1561 314 1583 seu
353 1555 480 1585 tenere.
524 1551 709 1585 verberare
739 1552 891 1585 mutilare
921 1552 974 1585 vel
1005 1552 1175 1593 occidere.
1205 1553 1277 1584 sive
1307 1554 1545 1592 exaccionare.
1576 1550 1671 1584 bonis
1701 1554 1733 1583 et
1761 1549 1862 1583 rebus
1893 1561 2008 1584 eorum
2038 1562 2126 1599 spo-

264 1614 333 1644 iare
367 1616 421 1644 aut
451 1612 532 1645 alias
563 1613 650 1646 male
680 1617 824 1646 tractare
855 1616 885 1646 in
917 1612 1095 1659 dampnum
1126 1617 1157 1646 et
1189 1623 1376 1656 gravamen
1407 1612 1553 1657 capituli,
1583 1623 1647 1645 nec
1675 1621 1741 1644 non
1771 1610 1889 1644 decani
1918 1616 1952 1645 et
1980 1615 2126 1648 canoni-

256 1684 369 1706 corum
409 1678 440 1707 et
478 1685 697 1719 personarum
737 1674 923 1708 huiusmodi
964 1675 1108 1709 ecclesie
1147 1673 1395 1716 Olomucensis,
1418 1677 1470 1718 qni
1509 1677 1583 1706 sunt
1613 1677 1645 1706 et
1674 1676 1771 1705 erunt
1800 1683 1860 1717 pro
1890 1676 2055 1719 tempore⁷
2085 1673 2126 1709 de

256 1738 369 1767 cetero
406 1738 683 1780 presumpserint.
722 1740 876 1769 statutum
918 1741 949 1769 et
986 1737 1236 1771 ordinacionem
1276 1735 1423 1781 predicta
1455 1737 1652 1767 auctoritate
1682 1733 1864 1778 apostolica
1894 1738 2013 1767 tenore
2041 1745 2126 1780 pre-

255 1798 402 1828 sencium
447 1796 657 1829 extendimus
700 1807 760 1842 per
802 1801 989 1842 presentes.
1034 1796 1107 1838 Quo
1150 1800 1238 1831 circa
1276 1797 1474 1831 discrecioni
1513 1798 1629 1828 vestre
1671 1805 1732 1839 per
1773 1794 1957 1839 apostolica
1999 1797 2124 1840 scripta

256 1856 462 1896 mandamus.
500 1859 653 1901 quatinus
691 1868 754 1891 vos
782 1858 838 1892 vel
868 1858 932 1891 duo
962 1862 1017 1891 aut
1045 1869 1129 1892 unus
1159 1863 1306 1892 vestrum
1337 1868 1397 1903 per
1427 1866 1488 1889 vos
1519 1855 1572 1889 vel
1602 1854 1701 1888 alium
1731 1865 1791 1888 seu
1821 1854 1904 1889 alios
1935 1854 2124 1890 huiusmodi

254 1921 401 1950 nostram
433 1921 677 1952 extensionem.
710 1918 763 1952 ubi
794 1923 823 1952 et
854 1919 986 1964 quando
1017 1919 1216 1964 expedierit,
1246 1920 1444 1952 auctoritate
1469 1920 1583 1949 nostra
1605 1915 1802 1948 solemniter
1823 1914 2030 1960 publicantes
2051 1926 2125 1950 eam

256 1978 383 2011 faciatis
421 1982 616 2012 auctoritate
653 1984 766 2013 nostra
806 1979 944 2013 tirmiter
983 1979 1174 2018 observari.
1213 1991 1277 2013 non
1317 1980 1549 2024 permittentes
1589 1980 1705 2009 contra
1743 1986 1781 2009 ea
1821 1975 1928 2009 dictos
1962 1975 2124 2010 decanum

255 2041 437 2073 canonicos
467 2044 496 2073 et
527 2051 690 2085 personas
720 2052 780 2086 pro
811 2045 962 2086 tempore
992 2043 1177 2075 existentes
1208 2046 1240 2074 et
1269 2039 1445 2086 capitulum
1478 2036 1665 2071 huiusmodi
1691 2037 1893 2080 conjunctim
1915 2036 1971 2070 vel
1992 2036 2123 2086 divisim

255 2099 400 2133 indebite
430 2100 610 2134 molestari.
634 2101 877 2135 molestatores
916 2104 1019 2147 ipsos.
1059 2105 1297 2147 cuiuscumque
1327 2099 1536 2134 excellencie
1574 2102 1678 2131 status
1707 2096 1833 2141 gradus
1861 2095 2042 2131 nobilitatis
2068 2097 2124 2132 vel

256 2160 424 2201 ‹lig-nitatis
463 2163 619 2195 existant.
660 2173 719 2207 per
756 2173 933 2196 censuram
973 2162 1248 2203 ecclesiasticam,
1280 2160 1512 2207 appellacione
1550 2160 1746 2204 postposita7
1777 2157 1894 2191 eadem
1924 2160 2125 2192 auctoritate

255 2221 436 2266 apostolica
480 2223 728 2267 conpescendO,
773 2226 930 2257 invocato
969 2223 1009 2257 ad
1047 2222 1123 2265 hoc,
1160 2225 1187 2256 si
1223 2233 1305 2268 opus
1345 2220 1455 2263 suerit„
1493 2219 1617 2252 auxilio
1656 2217 1783 2252 brachii
1823 2218 1996 2252 secularis.
2045 2217 2122 2252 Non

255 2281 418 2325 obstante,
455 2286 480 2317 si
519 2283 680 2328 aliquibus
711 2287 933 2317 communiter
960 2284 1015 2318 vel
1044 2284 1177 2317 divisim
1207 2294 1224 2316 a
1254 2283 1334 2317 sede
1364 2280 1547 2327 apostolica
1578 2282 1618 2313 sit
1646 2278 1820 2322 indultum.
1850 2278 1937 2324 quod
1967 2277 2122 2313 interdici

254 2343 409 2388 suspendi
450 2344 502 2377 vel
542 2347 829 2378 excommunicari
866 2356 930 2378 non
966 2348 1106 2391 possint,
1142 2355 1203 2390 per
1237 2343 1364 2377 litteras
1402 2340 1606 2387 apostolicas
1643 2350 1708 2373 non
1739 2338 1901 2373 facientes
1931 2339 2062 2385 plenam
2091 2343 2124 2372 et

255 2415 449 2449 expressam
481 2416 519 2438 ac
550 2404 590 2438 de
620 2405 726 2438 verbo
757 2405 796 2438 ad
826 2405 967 2439 verbum
999 2405 1039 2438 de
1061 2405 1187 2439 indulto
1208 2403 1394 2438 huiusmodi
1418 2404 1641 2436 mencionem.
1664 2400 1842 2434 Presentes
1863 2403 1972 2433 autem
1994 2399 2120 2433 litteras

254 2476 314 2510 per
349 2466 565 2498 concedentis
605 2466 728 2499 obitum
767 2467 919 2500 nolumus
958 2469 1127 2512 expirare.
1177 2466 1297 2500 Datum
1328 2464 1436 2498 Rome
1466 2463 1550 2509 apud
1581 2466 1731 2495 sanetum
1763 2460 1894 2494 Petrum
1925 2464 2022 2494 sexto
2050 2459 2123 2494 idus

253 2525 474 2572 Septembris.
506 2526 715 2572 pontificatus
746 2530 850 2561 nostri
880 2539 966 2562 anno
998 2527 1139 2561 decimo.

564 2632 657 2666 (Urig.
684 2633 765 2667 l’erg,
792 2633 818 2659 li.
846 2633 933 2660 Bleis.
958 2633 994 2658 ini
1020 2633 1092 2659 Olm.
1117 2630 1309 2666 Cap-Arcti.)
