2313 3090
1221 207 1262 240 to

306 315 458 355 germani
497 312 582 346 bona
610 318 721 346 nostra
762 313 824 345 lide
863 315 933 344 sine
973 311 1059 344 dolo.
1099 312 1184 345 dicta
1214 312 1348 345 vendita
1393 311 1477 345 bona
1509 315 1538 345 in
1569 323 1605 346 se
1635 317 1667 346 et
1696 311 1893 358 quibuslibet
1923 315 1993 346 eius
2023 311 2169 358 partibus

307 371 488 417 exbrigare
526 373 565 405 ab
596 373 870 418 iiupeticionitms,
911 371 1018 405 litibus
1049 376 1080 404 et
1110 371 1337 416 questionibus
1367 371 1443 406 hinc
1473 373 1511 406 ad
1542 385 1640 407 unum
1672 384 1793 406 annum
1825 384 1917 406 more
1942 374 2019 417 jure
2050 372 2170 406 feudali

307 437 396 466 terre
426 433 578 466 Moram»
609 434 737 466 solitum
769 445 825 465 ⁴<eu
857 437 1065 465 conswetum
1100 431 1174 472 (sic)
1205 438 1233 465 et
1265 437 1383 466 cuncta
1412 433 1540 478 prefata
1570 438 1640 467 rata
1671 438 1701 467 et
1733 434 1824 467 lirina
1851 438 1967 466 tenere
1997 432 2056 466 sub
2086 443 2170 478 pena

307 493 483 538 spiritualis
509 495 592 537 juris
623 494 674 526 vet
706 493 875 525 secularis.
909 493 942 525 ln
973 503 1111 537 quorum
1143 496 1288 526 omnium
1311 493 1519 527 evidenciam
1541 499 1571 527 et
1596 493 1699 527 robur
1719 494 1909 528 inviolabile
1930 494 2036 538 sigilla
2057 497 2170 527 nostra

307 554 461 587 videlicet
480 554 611 588 Dii-siai.
631 554 818 587 Mixicouis.
836 554 985 586 Daiuiani
1008 557 1037 585 et
1059 553 1195 587 Jurzatc
1217 554 1355 587 liliorum
1378 559 1409 587 ut
1431 557 1630 600 premittitur
1650 553 1852 588 Prsibiconis
1873 555 1912 588 de
1933 554 2169 600 Nyetkovvicz3

308 614 426 647 deinde
462 615 617 648 nobilium
656 619 682 647 ct
724 614 902 659 proborum
943 617 1090 647 virorum
1137 615 1258 648 domiui
1296 614 1483 661 Maguussy
1513 615 1552 649 dc
1581 615 1711 659 Melia,
1747 619 1801 660 qui
1831 615 1916 648 dicte
1946 618 2111 661 empcioni
2141 618 2173 648 et

308 675 495 708 vendicioui
526 676 669 708 interfuit
701 680 729 707 et
762 680 926 720 tamquam
958 675 1082 708 arbiter
1102 679 1272 720 utriusque
1292 679 1394 721 partis
1416 676 1523 709 forum
1545 675 1623 709 fecit
1653 680 1683 708 ct
1718 686 1811 709 more
1832 680 1993 709 consueto
2015 674 2170 709 firmavit.

308 735 430 769 domini
461 735 588 769 Geblini
621 736 659 769 de
690 735 843 781 Gruspau
875 740 905 768 et
935 735 1057 769 domini
1089 735 1231 782 Sobyny
1261 736 1302 769 de
1322 735 1502 770 Borowicz
1532 735 1741 782 presentibus
1767 740 1841 769 sunt
1863 747 2020 781 appensa.
2053 735 2172 769 Datum

307 807 394 829 anno
425 796 545 829 domini
576 796 750 829 Millesimo
781 793 1061 829 CCCOLXXXXI
1091 796 1173 830 feria
1204 801 1298 830 sexta
1330 799 1530 830 ostensionis
1561 797 1785 841 reliquiarum.

619 902 711 934 ’Νι-ῖς.
740 902 820 933 Pcrg.
847 901 896 926 mit
923 902 936 926 T
965 901 991 927 li.
1018 901 1116 932 Sigeln
1141 902 1176 926 im
1203 902 1328 926 Archive
1353 902 1402 926 des
1427 901 1527 926 Siiftes
1553 902 1592 927 st,
1619 901 1745 926 Thomas
1769 901 1797 926 in
1824 900 1991 934 Althriinn.)

1204 1056 1280 1090 24.

312 1132 468 1166 Taribins
516 1133 665 1177 Biscleof
698 1144 762 1166 rou
810 1133 880 1177 Tay
918 1135 1201 1167 arcotnmum'cirt
1245 1134 1308 1166 (len
1349 1134 1447 1166 cram
1483 1133 1631 1177 Albertzg
1682 1133 1760 1166 weil
1793 1133 1867 1166 sich
1903 1133 2061 1167 derselbe
2111 1133 2173 1167 den

305 1193 519 1237 pithslllcleen
552 1193 717 1237 Befehlen
749 1194 841 1227 nich!
874 1196 978 1238 fliqen
1010 1195 1077 1227 mid
1119 1195 1173 1227 die
1211 1195 1282 1227 dem
1318 1195 1491 1227 olnzaeetz-er
1515 1193 1712 1227 Canom‘cus
1750 1192 1906 1227 Willzelm
1935 1193 2173 1238 Isortelanqen

308 1254 361 1286 als
393 1254 536 1298 Pfarrer
573 1266 635 1287 ron
671 1253 722 1288 St.
754 1255 904 1288 :llam-il:-
938 1255 1105 1299 qeho'riqe
1134 1254 1344 1300 Einlst't'uslen
1382 1254 1475 1288 nicht
1512 1255 1693 1299 ausfolqen
1737 1254 1815 1296 will,
1859 1255 1927 1288 und
1967 1253 2079 1299 beleqt
2121 1255 2175 1288 die

444 1314 494 1348 St.
528 1315 838 1349 Mauritz-Isim-he
868 1318 900 1348 iu
935 1316 1067 1349 Olmntz-
1097 1318 1155 1349 mit
1184 1317 1256 1349 dem
1288 1315 1483 1350 Interclicte.
1517 1316 1573 1350 Dc.
1607 1315 1694 1349 Rom
1723 1315 1757 1350 8.
1790 1316 1895 1360 April
1924 1315 2034 1350 1391.

464 1391 699 1445 Reverendis
730 1415 760 1445 in
783 1412 914 1446 Christo
944 1412 1092 1458 patribus
1122 1417 1151 1445 et
1183 1413 1324 1446 dominis
1355 1413 1496 1447 dominis
1528 1442 1533 1447 .
1567 1441 1572 1446 .
1604 1414 1655 1447 dei
1676 1416 1791 1458 gracia
1812 1412 2066 1458 archiepiscopo
2088 1411 2175 1446 Pra-

308 1475 402 1509 Qensi
432 1484 470 1505 ac
502 1500 508 1506 .
543 1501 548 1505 .
580 1472 793 1506 Olomuceusi
826 1501 831 1506 .
867 1501 872 1506 .
905 1473 1177 1506 wratislaviensi
1207 1478 1236 1506 et
1270 1501 1275 1506 .
1309 1501 1314 1506 .
1355 1473 1612 1508 Luthomisleusi
1642 1476 1808 1520 episcopis
1837 1484 1967 1507 necnon
1998 1484 2114 1507 eorum
2144 1477 2174 1506 et

308 1533 481 1566 cuiuslibet
510 1536 655 1578 ipsorum
688 1536 717 1566 iu
748 1534 971 1579 spiritualibus
1001 1538 1031 1567 et
1053 1533 1291 1579 temporalibus
1314 1537 1448 1568 vicariis
1475 1539 1505 1567 et
1526 1534 1723 1568 officialibus
1744 1539 1775 1567 ct
1795 1537 1963 1568 universis
1984 1538 2017 1568 et
2036 1533 2175 1579 siugulis

309 1594 448 1627 dominis
479 1593 653 1627 abbatibus
683 1594 847 1639 prioribus
878 1597 1055 1640 prepositis
1086 1595 1220 1628 decanis
1247 1594 1492 1629 archidiaconis
1521 1596 1707 1630 scolasticis
1737 1594 1954 1628 thesaurariis
1983 1593 2174 1628 cantoribus

310 1653 500 1687 custodibus
531 1657 700 1688 canonicis
729 1659 793 1688 tam
825 1655 1064 1689 cathedralium
1095 1666 1193 1701 quam
1224 1656 1474 1700 collegiatarum
1513 1656 1731 1690 ecclesiarum
1772 1667 1870 1701 quam
1909 1658 2014 1690 eciam
2053 1665 2175 1689 mona—

309 1718 485 1748 steriorum
526 1726 812 1760 (plorantemque.
853 1721 882 1748 et
923 1719 1027 1750 eciam
1068 1719 1225 1750 ministris
1261 1716 1477 1762 generalibus
1515 1716 1776 1763 provincialibus
1811 1719 1946 1749 vicariis
1983 1714 2175 1749 'custodibus

310 1775 473 1820 prioribus
503 1776 705 1820 quardianis.
737 1781 767 1809 et
797 1780 900 1810 sancti
918 1777 1080 1810 Johauuis
1101 1777 1396 1811 Jherosolomitani
1428 1782 1457 1811 ct
1483 1777 1580 1811 beate
1600 1777 1706 1811 Marie
1727 1780 1868 1821 virginis
1889 1776 2175 1810 Theutouicorum

309 1836 474 1882 prioribus
513 1837 839 1870 commendatoribus
874 1837 1128 1884 preceptoribus
1167 1843 1198 1871 et
1238 1842 1383 1884 ipsorum
1424 1838 1597 1872 domorum
1635 1837 1792 1871 fratribus
1831 1842 1863 1871 ct
1898 1835 2175 1871 conventualibus

309 1898 567 1943 predicatorum.
600 1900 773 1931 minorum.
798 1898 1034 1932 heremitarum
1056 1903 1161 1933 sancti
1184 1899 1362 1944 Augustini
1385 1903 1416 1932 et
1437 1898 1534 1932 beate
1554 1898 1659 1933 Mario
1681 1898 1935 1932 Carmelitarum
1958 1903 1990 1931 et
2010 1907 2176 1943 quorum-

309 1969 439 2003 cunque
475 1959 612 1991 aliorum
652 1959 801 1992 ordinum
841 1959 995 1993 t’ratritms
1033 1971 1071 1993 ac
1108 1961 1243 1994 decanis
1283 1965 1313 1993 et
1353 1962 1548 1993 camerariis
1591 1960 1810 1993 decanatuum
1853 1970 1893 1992 ac
1937 1957 2175 2004 parochialium

310 2019 526 2052 ecclesiarum
568 2018 754 2052 rectoribus
793 2020 941 2065 plebanis
981 2020 1210 2066 viccplebanis
1247 2024 1416 2067 perpetuis
1454 2023 1590 2054 vicariis
1619 2019 1814 2065 presbiteris
1844 2020 2000 2053 altaristis
2029 2018 2176 2065 caplanis

310 2082 433 2113 curatis
464 2084 491 2112 et
525 2091 588 2113 uon
607 2083 729 2113 curatis
748 2084 810 2113 tani
842 2081 1043 2124 regularium
1075 2093 1171 2126 quam
1193 2082 1392 2115 secularium
1416 2082 1646 2115 ecclesiarum.
1670 2083 1834 2126 exemptis
1856 2085 1887 2114 et
1911 2091 1977 2114 non
1999 2082 2175 2126 exemptis„

310 2140 541 2174 tabellionibus
571 2152 628 2174 seu
659 2138 795 2174 'notariis
827 2141 963 2186 publicis
994 2147 1024 2175 et
1055 2143 1186 2175 clericis
1216 2142 1467 2188 ‹piiluiscunque
1488 2153 1548 2188 per
1568 2144 1720 2175 civitates
1742 2145 1774 2174 et
1795 2141 1948 2174 dioceses
1969 2140 2176 2186 supradictas

310 2206 339 2234 et
371 2202 451 2235 alias
481 2201 615 2235 ubilibet
645 2205 829 2235 constitutis
859 2202 996 2247 aliisque
1027 2202 1178 2236 omnibus
1209 2208 1238 2236 et
1260 2203 1411 2248 singulis.
1442 2213 1580 2248 quorum
1602 2205 1741 2235 interest
1759 2201 1814 2235 vel
1836 2204 1997 2244 intererit,
2028 2211 2177 2247 quosque

311 2262 555 2307 infrascriptum
587 2265 802 2295 execuciouis
833 2266 934 2302 tangit
966 2267 1142 2307 neg-ocium
1165 2267 1336 2297 concernit
1367 2276 1405 2297 ac
1427 2268 1566 2307 tangere
1591 2274 1799 2296 conccruere
1820 2267 1851 2295 ct
1873 2265 2037 2296 iuteresse
2056 2264 2178 2308 poterit

311 2334 396 2356 nunc
435 2323 488 2356 vel
525 2322 716 2356 infuturum.
756 2323 794 2355 ad
835 2335 897 2368 que
937 2324 989 2357 vel
1026 2324 1064 2357 ad
1101 2335 1184 2370 quos
1223 2336 1363 2370 presens
1402 2329 1515 2358 noster
1552 2334 1733 2370 processus
1767 2326 1961 2369 pervenerit
1990 2334 2049 2357 seu
2079 2322 2179 2357 fuerit

311 2388 532 2428 presentatus,
550 2383 705 2417 Turihius
736 2383 851 2416 eadem
882 2388 995 2428 gracia
1027 2388 1203 2431 episcopus
1224 2384 1389 2419 Tudensis
1419 2389 1582 2419 executor
1611 2385 1649 2417 ad
1672 2383 1883 2430 infrascripta
1904 2394 2045 2418 unacum
2066 2383 2177 2417 inl'ra-

310 2447 440 2489 scriptis
480 2447 601 2478 nostris
640 2447 670 2478 in
710 2444 771 2477 hac
809 2449 902 2489 parte
940 2445 1078 2489 collegis
1108 2457 1180 2479 eum
1213 2446 1263 2479 illa
1295 2446 1462 2480 clausula:
1505 2449 1690 2491 „quatenus
1729 2455 1790 2478 vos
1819 2444 1874 2479 vel
1913 2445 1977 2479 duo
2010 2449 2066 2478 aut
2093 2454 2177 2478 unus

312 2509 457 2537 vestrum
499 2516 557 2550 per
596 2516 658 2538 vos
697 2506 749 2538 vel
786 2505 882 2538 alium
914 2517 971 2538 seu
1003 2507 1107 2539 alios··
1142 2512 1204 2540 ete.
1245 2519 1261 2539 a
1292 2507 1372 2540 sede
1402 2506 1584 2552 apostolica
1615 2505 1806 2552 specialiter
1835 2506 2008 2552 deputatus
2037 2504 2175 2539 salutern

312 2570 341 2597 et
372 2569 535 2598 sinceram
568 2569 597 2599 iu
628 2566 761 2599 domino
791 2569 961 2599 caritatem
993 2572 1021 2599 et
1055 2568 1215 2601 mandatis
1247 2571 1368 2601 nostris
1398 2570 1497 2601 immo
1517 2570 1632 2601 verius
1653 2567 1843 2613 apostolicis
1870 2566 2008 2600 firmiter
2027 2565 2175 2600 obedire.

469 2626 597 2659 Dudum
628 2627 741 2660 literas
771 2627 972 2672 apostolicas
1003 2631 1216 2661 executorias
1248 2631 1342 2662 trium
1373 2630 1619 2662 sentenciarum
1651 2626 1898 2661 (lii'liuitivarum
1928 2637 2059 2660 necnon
2089 2635 2177 2659 con-

313 2686 587 2731 dempuacionum
620 2692 648 2719 et
672 2689 857 2720 taxaciouis
879 2698 1101 2732 expensarum
1125 2700 1183 2734 per
1204 2694 1271 2722 tres
1298 2689 1600 2722 reverendissimos
1622 2691 1651 2721 in
1674 2687 1806 2721 Christo
1827 2692 1940 2733 patres
1961 2691 1993 2720 et
2012 2685 2176 2729 dominos,
