2313 3090
1233 208 1307 242 216

334 315 496 357 aiuigung·
527 313 589 346 und
620 313 683 346 alle
712 313 776 346 und
809 313 950 347 iedliche
980 312 1141 355 artickell‚
1174 313 1227 346 die
1264 312 1381 346 darinn
1417 312 1491 345 sind
1530 311 1706 356 hegrill'en‚
1746 312 1798 346 die
1834 317 2068 357 vorgenanten
2099 311 2206 358 syben

329 374 384 416 jar
413 384 471 406 aus
500 385 575 407 war
604 374 668 407 und
700 378 764 407 stet
794 385 832 407 ze
862 373 985 407 baltcn.
1016 373 1079 407 und
1110 373 1162 407 die
1191 372 1380 418 getreulich
1409 373 1474 406 und
1504 372 1658 417 genzlich
1687 384 1726 406 ze
1747 371 1903 406 volfuren
1929 372 1993 406 und
2015 384 2055 406 zu
2085 372 2206 406 endten

335 437 392 466 mit
421 433 516 467 allem
548 445 682 468 unserm
713 445 903 478 vormugen
933 446 973 467 an
1003 434 1168 479 geverde.
1199 434 1248 467 alz
1278 445 1342 468 vor
1370 445 1411 468 an
1442 434 1568 468 diesem
1597 433 1688 468 brief
1712 439 1774 468 stet
1804 433 2020 478 geschriben.
2049 432 2126 468 Und
2146 433 2207 466 dez

334 505 372 527 zu
403 493 532 528 urkund
563 494 674 539 ⁴<geben
703 498 768 528 wir
797 500 1028 539 vorgenanier
1057 494 1235 540 marggraf
1259 495 1331 529 Jost
1361 494 1427 528 und
1457 498 1522 528 wir
1551 494 1604 528 die
1639 494 1852 540 obgenanten
1890 493 2105 528 landtherren
2138 504 2205 527 von

334 554 468 588 Pehaim
499 555 562 588 den
592 559 781 599 egcnanten
812 566 877 588 von
910 555 1107 589 Osterreich
1137 556 1201 589 den
1231 555 1322 589 brief
1355 559 1411 589 mit
1450 567 1574 589 unsern
1613 555 1861 601 anhangenden
1898 554 2088 600 ingesigeln
2118 565 2205 589 vor-

333 616 534 661 gesigelten.
574 616 633 649 der
668 615 779 660 geben
818 619 859 650 ist
898 628 936 650 ze
972 616 1163 666 lVeytracli
1193 628 1234 650 an
1272 616 1418 662 pfinztag
1446 626 1510 649 vor
1545 617 1627 649 sand
1665 615 1813 650 Thomas
1844 620 1933 661 tage‚
1964 616 2024 649 dez
2054 614 2202 660 heiligen

334 677 548 722 zwelt'poten.
580 676 665 709 nach
697 675 806 710 Criste
834 676 957 722 geburt
985 677 1315 711 dreizehenhundert
1346 678 1402 722 jar
1436 677 1500 711 und
1532 676 1680 711 darnach
1708 680 1741 711 in
1766 677 1840 710 dem
1879 679 1954 710 vier
1992 675 2058 710 und
2088 670 2204 710 neun-

334 740 477 781 zigisten
503 738 590 781 jare.

646 842 715 877 (Die
745 843 895 869 Absehrift
925 852 977 868 aus
1009 844 1072 869 dem
1105 844 1264 878 Originale,
1297 853 1334 869 an
1366 844 1429 870 dem
1461 844 1533 869 zehu
1566 844 1594 871 11.
1618 843 1705 877 Sigel,
1742 842 1916 876 mitgetheitt
1946 851 2011 868 vom
2035 841 2063 867 k.
2087 841 2114 868 k.
2141 841 2206 876 geh.

543 896 645 929 IIaus-‚
673 895 741 920 Hof-
768 895 824 920 und
850 895 1088 921 Staats-Arebive
1113 897 1141 921 in
1167 896 1261 924 &Viem
1303 912 1343 915 ——
1370 896 1436 931 Vgl.
1456 896 1551 922 Pelzl:
1578 896 1613 921 K.
1632 895 1753 921 Weuzet
1771 895 1794 922 Ῑ.
1814 894 1924 921 Urkdb.
1949 903 1977 928 p.
1998 894 2059 922 140
2075 902 2102 920 n.
2124 893 2207 929 112.)

1214 1051 1322 1087 224.

334 1128 592 1162 Notariatsaet.
623 1130 656 1161 in
686 1129 844 1163 ieeleleem
875 1130 949 1163 sicle!
981 1129 1195 1163 Tlaeoclorich
1228 1141 1291 1163 ron
1317 1129 1494 1168 tt‘isclmu,
1526 1129 1726 1174 Psa1·›·erin
1750 1128 1909 1170 Pustmir,
1939 1127 2008 1161 und
2026 1126 2205 1161 Johannes

333 1188 475 1225 δαῖε-(ιν.
506 1189 658 1222 Allare'sl
687 1189 940 1228 ebemlaselbst,
972 1191 1205 1235 cerpsliclzten³
1235 1191 1299 1224 den
1330 1190 1608 1236 Schiedsspruele,
1638 1191 1698 1224 des
1726 1188 1900 1222 Olnmtz-er
1932 1187 2117 1233 officialem
2138 1187 2209 1221 und

515 1251 574 1283 (les
604 1246 861 1284 Areliicle'acons
893 1262 954 1283 eon
986 1250 1122 1285 Prema
1151 1263 1193 1284 ε-ιι
1222 1252 1350 1286 halben.
1384 1252 1442 1285 Dc.
1475 1251 1564 1285 Rom
1593 1251 1651 1285 20.
1686 1249 1878 1284 December
1910 1248 2019 1283 1394.

488 1326 532 1380 'n
562 1350 697 1380 nomine
727 1347 849 1381 domiui
880 1359 988 1381 amen.
1020 1347 1090 1381 Sub
1120 1359 1206 1381 anno
1236 1351 1418 1382 nativitatis
1448 1347 1597 1381 eiusdem
1628 1347 1804 1381 millesimo
1825 1348 2062 1380 trecentesimo
2091 1355 2205 1395 nona—

331 1410 462 1451 gesimo
501 1412 631 1453 quarto3
670 1409 859 1443 indiccione
898 1409 1057 1445 secundm
1095 1408 1148 1442 die
1187 1411 1348 1442 vicesima
1380 1412 1504 1443 mensis
1534 1407 1746 1451 Decembris,
1784 1407 1869 1441 hora
1898 1417 2121 1453 vesperorum
2151 1405 2205 1440 vel

331 1472 436 1514 quasi‚
468 1468 679 1514 pontificatus
710 1473 911 1503 sanctissimi
942 1473 973 1503 in
990 1469 1125 1503 Christo
1154 1473 1257 1516 patris
1287 1475 1319 1503 ct
1348 1470 1471 1504 domini
1502 1472 1606 1503 nostri
1637 1469 1760 1503 domini
1791 1468 1955 1502 Bonisacii
1976 1468 2088 1502 divina
2117 1477 2204 1513 pro-

332 1529 485 1563 videncia
524 1541 609 1576 pape
647 1533 724 1563 noni
761 1541 848 1564 anno
884 1535 993 1569 sexto,
1030 1534 1061 1564 in
1092 1534 1156 1564 mei
1194 1534 1315 1565 notarii
1351 1530 1473 1577 publici
1504 1533 1704 1575 testiumque
1733 1532 1910 1576 presencia
1940 1528 2204 1574 subscriptorum

331 1590 371 1624 ad
400 1590 465 1624 hoc
494 1595 694 1624 vocatorum
724 1594 893 1625 constituti
923 1592 1145 1637 personaliter
1175 1591 1389 1625 honorabiles
1419 1596 1451 1625 et
1481 1594 1718 1637 circumspecti
1746 1594 1811 1625 viri
1840 1591 1964 1625 domini
1993 1590 2205 1624 Theodricus

332 1651 373 1685 de
401 1651 613 1695 XVisscbam
644 1656 758 1685 rector
785 1652 989 1698 parochialis
1019 1652 1164 1686 ecclesie
1194 1664 1252 1687 seu
1283 1655 1411 1686 vicarie
1438 1655 1470 1686 in
1500 1652 1655 1696 Pustmir,
1685 1663 1746 1698 pro
1774 1663 1812 1686 se
1832 1654 1904 1698 ipso
1933 1656 2101 1698 parteex
2128 1661 2206 1691 una,

332 1717 364 1746 et
393 1712 601 1746 Bertrandus
626 1713 666 1746 de
702 1712 845 1747 Pustmir
883 1713 1050 1759 presbiter
1078 1713 1165 1747 dicte
1201 1714 1358 1758 diocesis,
1397 1718 1597 1759 procurator
1635 1718 1668 1747 et
1704 1715 1939 1759 procuratorio
1976 1715 2124 1757 nomine⁷
2172 1717 2207 1746 ut

331 1777 487 1817 asseruit„
518 1774 654 1808 discreti
674 1777 739 1808 viri
769 1775 893 1809 domini
909 1774 1073 1809 Johannis
1104 1774 1230 1818 Salsarg
1262 1776 1410 1809 altariste
1439 1774 1552 1808 altaris
1572 1779 1689 1808 sancte
1710 1776 1820 1808 crucis
1840 1773 1882 1808 de
1901 1773 2045 1808 Pustmir
2065 1773 2204 1819 predicti

332 1835 524 1880 principalis
554 1840 648 1881 parte
679 1847 722 1869 ex
752 1836 869 1872 altera.
899 1836 1052 1870 nolentes
1082 1848 1142 1882 per
1170 1839 1343 1882 strepitum
1374 1836 1479 1870 litium
1508 1835 1656 1881 fatigari,
1685 1835 1784 1869 ambo
1822 1835 1955 1869 insimul
1992 1834 2206 1869 concorditer

332 1895 371 1928 de
394 1900 425 1929 et
459 1907 560 1941 super
587 1895 739 1929 omnibns
770 1896 880 1930 litibus
906 1896 1135 1941 questionibus
1165 1901 1197 1931 et
1226 1901 1483 1941 controversiis,
1514 1909 1578 1943 quc
1608 1900 1750 1932 vertitur
1778 1895 1997 1930 vertebantur
2030 1906 2089 1930 seu
2118 1897 2205 1929 verti

332 1961 363 1990 et
393 1968 469 1990 csse
508 1957 716 2002 sperabatur.
755 1969 857 2003 super
895 1958 979 1991 dicta
1019 1958 1203 2004 parochiali
1238 1958 1382 1992 ecclesia
1413 1970 1471 1992 seu
1501 1961 1629 1993 vicaria
1659 1961 1690 1992 in
1720 1957 1864 1991 Pustmir
1902 1959 2206 2002 compromiserunt

332 2020 532 2051 unanimiter
562 2022 594 2051 et
623 2019 838 2053 concorditer
869 2019 987 2065 pret'ati
1018 2018 1229 2053 Theodricus
1250 2030 1310 2065 per
1331 2030 1367 2053 se
1390 2024 1421 2053 et
1442 2018 1671 2053 Bcrntrandus
1692 2022 1891 2064 procurator
1910 2029 1950 2051 ac
1969 2020 2204 2063 procuratorio

331 2081 465 2112 nominc
500 2090 564 2124 quo
603 2090 717 2124 supra.
754 2085 787 2113 ut
822 2083 977 2123 asseruit,
1013 2083 1045 2114 in
1084 2080 1297 2114 venerabiles
1333 2085 1365 2113 et
1401 2083 1666 2126 circumspectos
1704 2083 1797 2114 viros
1836 2079 1988 2112 dominos
2023 2077 2201 2112 officialem

332 2138 591 2174 Oloinuceusem
614 2145 645 2173 et
663 2129 862 2185 ⁴magistrum
886 2140 1075 2174 Santlerum
1097 2140 1370 2174 archidiaconum
1388 2141 1649 2176 Preroviensem
1669 2140 1827 2175 absentes
1844 2145 2011 2185 tamquam
2031 2144 2206 2186 presentes

332 2203 362 2233 iu
386 2200 529 2234 arbitros
551 2200 769 2235 arbitratores
790 2206 821 2235 et
837 2201 1030 2235 amicabiles
1047 2196 1304 2247 compositores,
1334 2205 1566 2247 promittentes
1596 2204 1675 2248 ipsis
1703 2201 1892 2235 nominibus
1913 2200 2032 2246 quibus
2053 2211 2153 2246 supra
2174 2205 2206 2234 et

333 2261 430 2295 michi
448 2265 577 2295 notario
594 2262 726 2308 publico
746 2266 822 2296 vice
844 2267 876 2296 et
892 2266 1026 2296 nomine
1043 2263 1206 2296 dictorum
1224 2263 1363 2296 <luorum
1377 2262 1614 2296 arbitratoruni
1627 2273 1686 2296 seu
1703 2262 1925 2296 amicabilium
1942 2264 2203 2308 compositorum

332 2322 500 2367 stipulanti
530 2327 562 2355 et
591 2326 777 2369 recipienti,
809 2324 894 2369 quod
926 2327 986 2369 ipsi
1017 2324 1113 2357 dictis
1142 2324 1276 2358 arbitris
1305 2323 1560 2358 arbitratoribus
1599 2328 1631 2357 et
1659 2322 1889 2357 amicabilibus
1924 2321 2205 2369 compositoribus

332 2394 391 2427 pro
429 2394 465 2415 se
506 2388 537 2417 et
576 2387 643 2418 suis
674 2384 856 2418 heredibus
882 2385 1012 2418 stabimt
1049 2385 1213 2431 parebunt
1242 2390 1273 2418 et
1302 2384 1539 2419 inviolabiliter
1568 2383 1736 2427 obedient,
1768 2388 1800 2417 et
1829 2385 1915 2429 quod
1945 2394 2044 2418 omne
2072 2383 2205 2417 laudum

332 2443 503 2477 arbitrium
541 2444 777 2479 diffinicionem
816 2457 875 2479 seu
913 2449 1254 2491 pronuncciacionein
1294 2450 1326 2479 et
1354 2445 1569 2480 concordiam
1604 2457 1664 2491 per
1694 2448 1783 2491 ipsos
1813 2444 1957 2478 arbitros
1986 2443 2205 2478 arbitratores

333 2508 364 2537 et
393 2504 586 2539 amicabiles
616 2510 862 2551 compositores
893 2510 923 2540 in
953 2506 1102 2551 partibus
1132 2510 1222 2552 prius
1252 2510 1431 2553 inceptum,
1461 2505 1548 2551 quod
1579 2507 1632 2539 vel
1662 2517 1759 2551 quam
1780 2508 1841 2551 ipsi
1867 2509 2033 2539 intereos
2053 2515 2206 2551 pronuno

334 2564 511 2598 tinieuduiu
534 2565 761 2600 arbitrandum
784 2578 823 2600 ac
844 2568 1150 2613 pronuncciandum
1173 2567 1423 2601 discuciendam
1445 2571 1477 2600 et
1493 2567 1730 2612 emulgandum
1752 2567 1911 2601 duxerint
1930 2577 1990 2600 seu
2011 2565 2204 2611 quomodo-

332 2625 411 2659 libet
440 2625 589 2659 arbitrati
627 2626 752 2661 suerint
789 2630 821 2661 in
858 2631 990 2673 scriptis
1020 2628 1075 2662 vel
1112 2631 1184 2661 sine
1214 2631 1360 2673 scriptis5
1394 2628 1498 2661 semel
1529 2628 1582 2661 vel
1611 2628 1747 2674 pluries,
1778 2626 1895 2661 diebus
1925 2626 2052 2661 feriatis
2076 2630 2110 2660 et
2137 2636 2202 2660 non

333 2686 473 2729 feriatis,
503 2687 651 2721 sedendo
682 2688 737 2721 vel
766 2688 895 2731 stando,
927 2689 1194 2734 quandocunque
1224 2693 1256 2722 ct
1285 2689 1563 2734 qualitercunque
1594 2693 1626 2723 et
1654 2688 1856 2733 ubicunque,
1886 2686 2035 2733 partibus
2055 2697 2202 2733 presen-
