2313 3090
1170 203 1291 258 Ὓ142

319 313 545 358 infrascripti:
589 312 803 357 „Bonifacius
843 316 904 344 etc.
946 309 1129 343 venerabili
1167 308 1260 342 fratri
1298 307 1443 341 Johanni
1480 311 1639 354 episcopo
1675 307 1931 342 Luthomislensi
1973 307 2112 341 salutem
2155 311 2188 341 et
2220 334 2223 335 γ

321 374 536 420 apostolicam
579 373 866 406 benediccionem.
922 370 1035 414 Exigit
1083 373 1145 403 etc.
1202 369 1323 402 Datum
1370 367 1478 402 Rome
1521 369 1605 415 apud
1648 374 1797 403 sanctum
1841 368 1973 402 Petrum
2020 368 2068 402 XI
2113 368 2187 402 Kal.

324 433 479 468 Octobris
508 433 717 479 pontificatus
746 435 849 465 nostri
880 442 966 464 anno
986 430 1131 476 primo.“
1155 451 1201 453 —
1224 429 1301 462 Post
1322 439 1460 473 quarum
1481 428 1650 463 literarum
1672 429 1928 475 apostolicarum
1951 432 2186 475 recepcionem

324 495 478 528 volentes
516 494 702 539 procedere
741 493 780 526 ad
807 503 920 525 earum
960 493 1201 524 execucionem
1232 491 1329 533 juxta
1359 489 1510 522 traditam
1541 500 1557 522 a
1587 490 1668 523 sede
1697 490 1879 536 apostoliea
1908 489 2004 524 nobis
2033 489 2187 532 formam,

319 554 533 589 venerabiles
565 558 594 587 in
625 553 756 587 Christo
786 557 897 597 patres
930 557 961 585 et
991 552 1142 585 dominos
1171 550 1359 584 Johannem
1390 549 1652 583 Nazaretensem
1683 555 1714 584 et
1742 550 1929 584 Johannem
1950 550 2186 596 Magarensem

321 619 497 661 episcopos
527 615 647 647 fratres
677 618 810 647 nostros
840 615 1033 646 carissimos
1064 622 1137 645 cum
1168 610 1278 644 debita
1306 613 1468 643 instancia
1489 613 1696 654 rogavimus,
1718 611 1803 656 quod
1826 614 2048 645 convenirent
2067 611 2188 664 nobis-

321 687 393 709 cum
438 678 469 708 in
506 673 722 707 Lanczkrona
762 674 883 718 oppido
923 677 1037 706 nostro
1075 672 1114 705 ad
1155 676 1281 705 certum
1321 674 1509 705 terminum.
1550 683 1646 717 quem
1685 675 1734 706 eis
1762 676 2022 717 assignavimus
2051 678 2189 719 propter

324 736 579 769 translacionem
611 736 803 767 monasterii
842 736 946 767 sancti
982 732 1113 767 Nicolai
1152 737 1183 765 et
1219 736 1334 766 sancte
1371 731 1567 766 Katherine.
1605 735 1656 766 siti
1694 738 1770 766 ante
1804 733 1958 779 oppidum
2003 734 2186 779 predictum

324 795 650 830 Lanczkronensem.
682 795 720 827 ad
752 794 931 827 ecclesiam
961 793 1188 839 parochialem
1221 792 1317 826 beate
1346 792 1452 826 Marie
1484 795 1627 836 virginis
1665 793 1864 837 faciendam,
1903 799 1937 827 ut
1962 794 2002 828 de
2039 797 2186 841 ipsorum

323 856 461 889 consilio
492 858 653 900 premissa
684 859 714 888 et
745 855 784 888 ad
816 855 868 888 illa
898 857 1091 888 necessaria
1122 853 1237 887 facere
1267 865 1456 900 possemus,
1486 856 1569 887 sicut
1598 853 1800 888 haberemus
1829 858 1861 888 in
1890 858 2089 890 commissis.
2146 855 2188 890 Et.

320 928 391 949 euin
422 916 559 961 predicti
589 920 700 961 patres
730 920 761 948 et
791 915 913 948 domini
940 917 1088 960 episcopi
1119 915 1157 948 ad
1179 926 1240 948 nos
1260 918 1444 948 venissent.
1483 915 1522 948 ad
1554 914 1660 948 locum
1682 915 1866 961 predictum
1888 920 2093 950 accessimus
2114 928 2187 951 cum

321 980 399 1022 ipsis
420 977 602 1021 predictum
626 979 862 1009 monasterium
894 979 997 1009 sancti
1028 975 1158 1009 Nicolai
1188 980 1219 1008 et
1249 980 1363 1009 sancte
1393 974 1577 1008 Katherine
1606 975 1801 1009 subiciendo
1830 987 1900 1010 rem
1931 977 2047 1021 oculis,
2078 981 2112 1010 ut
2150 988 2190 1011 eo

320 1037 436 1070 melius
479 1047 653 1082 possemus
696 1048 907 1081 cognoscere
945 1040 1135 1070 veritatem.
1193 1035 1255 1070 Ubi
1301 1036 1520 1069 consideratis
1563 1036 1701 1080 singulis
1747 1039 1850 1081 ipsius
1892 1037 1956 1070 loci
2005 1037 2190 1071 defectibus

321 1098 463 1131 vidimus
494 1100 597 1142 ipsum
630 1100 866 1130 monasterium
907 1109 982 1131 esse
1011 1100 1109 1131 situm
1140 1100 1170 1130 in
1210 1096 1284 1130 loco
1323 1095 1458 1129 humido
1497 1101 1528 1129 et
1557 1099 1654 1130 nimis
1684 1108 1823 1142 aquoso,
1861 1097 1917 1131 ubi
1952 1109 2016 1131 nec
2053 1098 2188 1132 cellaria

321 1169 383 1191 nec
422 1157 596 1190 commoda
633 1157 704 1191 fieri
739 1163 876 1203 possent
915 1169 975 1204 pro
1004 1161 1206 1192 necessitate
1245 1162 1277 1190 et
1314 1157 1452 1190 utilitate
1489 1160 1592 1202 ipsius
1627 1161 1821 1191 monasterii
1850 1169 1889 1192 ac
1918 1157 2056 1192 fratrum
2087 1162 2118 1193 in
2148 1170 2188 1193 eo

323 1219 543 1262 degencium:
575 1229 648 1251 nam
680 1219 855 1251 commoda
886 1218 1006 1252 ibidem
1036 1218 1122 1251 facta
1154 1221 1314 1263 temporis
1344 1228 1504 1251 successu
1532 1229 1593 1263 per
1621 1217 1744 1251 fluxum
1776 1221 2007 1252 continuarum
2029 1230 2187 1264 aquarum

324 1278 575 1311 destruerentur
612 1290 674 1312 nec
712 1284 848 1324 possent
886 1279 1020 1313 fratres.
1057 1282 1110 1324 qui
1141 1278 1261 1312 ibidem
1293 1283 1478 1312 manerent.
1510 1279 1563 1312 diu
1592 1290 1668 1312 esse
1697 1282 1768 1312 sani
1798 1285 1935 1325 propter
1962 1282 2097 1314 nimiam
2127 1280 2189 1314 loci

320 1339 557 1372 humiditatem.
581 1338 878 1373 Consideravimus
900 1343 1018 1374 eciam.
1048 1351 1113 1373 non
1145 1350 1220 1373 esse
1250 1339 1328 1372 utile
1357 1351 1466 1384 neque
1483 1340 1667 1385 expediens
1696 1339 1791 1374 nobis
1820 1352 1929 1386 neque
1959 1340 2046 1375 dicto
2068 1351 2191 1375 mona—

320 1402 421 1433 sterio
461 1403 526 1432 tum
566 1404 703 1445 propter
740 1403 944 1433 vicinitatem
985 1401 1095 1446 oppidi
1134 1399 1436 1434 Lanczkronensis.
1476 1401 1561 1446 quod
1599 1406 1714 1446 posset
1752 1404 1929 1447 episcopus
1973 1406 2005 1435 et
2046 1402 2189 1436 ccclesia

321 1460 595 1493 Luthomislensis
625 1461 768 1506 perdere
797 1466 935 1507 propter
963 1461 1107 1495 hostium
1138 1461 1274 1494 insidias
1304 1465 1334 1494 et
1364 1462 1503 1495 insultus
1533 1462 1741 1496 cottidianos.
1773 1465 1826 1507 qui
1864 1461 2069 1508 temporibus
2105 1465 2188 1506 istis‚

320 1524 350 1553 in
390 1520 507 1565 quibus
547 1521 616 1554 dies
656 1521 731 1554 mali
770 1526 855 1555 sunt.
894 1522 966 1567 plus
1004 1522 1102 1555 solito
1140 1522 1363 1555 invaluerunt.
1403 1527 1469 1555 tum
1499 1525 1605 1555 eciam
1634 1527 1772 1568 propter
1801 1526 1907 1568 ipsum
1936 1526 2188 1567 monasterium,

319 1581 404 1626 quod
448 1584 600 1615 securius
638 1585 668 1615 in
707 1586 779 1628 ipso
818 1584 938 1629 oppido
976 1594 1030 1616 res
1066 1594 1144 1616 suas
1182 1585 1286 1628 possit
1324 1582 1493 1616 custodire
1531 1594 1628 1628 quam
1667 1587 1761 1616 extra
1802 1593 1914 1617 muros
1944 1583 2106 1627 eiusdem,
2135 1583 2189 1618 ubi

321 1646 410 1686 patet
439 1652 598 1675 accessus
627 1646 716 1676 omni
744 1646 903 1677 venienti.
935 1643 1062 1685 Quibus
1092 1646 1263 1689 premissis
1292 1646 1340 1676 sic
1369 1643 1548 1688 diligenter
1575 1646 1657 1677 visis
1687 1648 1718 1677 et
1757 1644 1990 1688 consideratis,
2014 1648 2190 1690 postquam

323 1702 499 1745 religiosus
530 1702 634 1736 frater
663 1703 815 1737 dominus
836 1703 1007 1738 Johanues
1029 1704 1177 1738 eiusdem
1200 1707 1392 1737 monasterii
1414 1703 1587 1749 professus
1607 1707 1755 1738 vicarius
1776 1709 1956 1750 perpetuus
1977 1709 2010 1738 et
2029 1704 2190 1751 plebanus

323 1763 470 1796 eiusdem
502 1764 646 1797 ecclesie
675 1770 790 1798 sancte
826 1764 932 1798 Marie
969 1765 1089 1798 ibidem
1126 1767 1157 1798 in
1197 1765 1316 1810 oppido
1356 1765 1628 1799 Lanczkronensi
1667 1770 1851 1811 spontanea
1888 1764 1975 1799 bona
2013 1769 2045 1799 et
2085 1765 2190 1799 libera

320 1823 491 1856 voluntate
539 1829 677 1870 propter
711 1825 834 1858 bonum
878 1830 997 1859 statum
1037 1830 1067 1859 et
1104 1825 1227 1859 bonum
1268 1836 1444 1859 commune
1483 1826 1715 1860 translacionis
1749 1826 1896 1860 eiusdem
1927 1829 2121 1861 monasterii
2150 1826 2190 1860 de

322 1884 407 1916 dicta
438 1884 582 1917 ecclesia
612 1889 771 1919 cessisset
805 1890 837 1919 et
874 1889 1082 1929 resignasset
1119 1897 1191 1919 eam
1231 1889 1262 1919 in
1302 1885 1453 1920 manibus
1490 1889 1625 1930 nostris,
1661 1889 1891 1920 renunciasset
1931 1898 2063 1933 quoque
2100 1890 2188 1921 omni

317 1945 395 1987 juri.
427 1945 512 1989 quod
543 1945 604 1979 sibi
633 1950 809 1992 compeciit
838 1950 869 1980 in
899 1947 1028 1980 eadem.
1059 1951 1157 1992 prout.
1185 1950 1215 1980 in
1237 1951 1368 1991 signum
1399 1950 1562 1981 cessionis
1582 1950 1827 1992 resignacionis
1848 1952 1879 1981 et
1900 1951 2190 1982 renuncciacionis

320 2004 432 2037 literas
462 2016 520 2038 sue
550 2006 830 2040 confirmacionis.
861 2019 942 2052 quas
972 2019 1072 2053 super
1101 2007 1219 2041 eadem
1250 2007 1373 2050 hahuitff
1404 2011 1435 2041 in
1466 2011 1641 2054 presencia
1672 2008 1847 2042 multorum
1878 2008 2121 2054 fidedignorum
2151 2020 2190 2043 ac

321 2069 524 2099 notariorum
556 2067 842 2114 infrascriptorum
873 2068 1003 2101 tradidit
1034 2068 1184 2101 exhibuit
1214 2073 1247 2101 ct
1275 2072 1480 2113 assignavit:
1511 2072 1707 2103 auctoritate
1737 2069 1919 2115 apostolica
1949 2069 2044 2104 nobis
2073 2073 2105 2104 in
2127 2069 2189 2104 hac

320 2130 414 2171 parte
444 2137 605 2160 concessa
638 2127 667 2160 ct
698 2131 888 2171 commissa,
907 2129 947 2162 de
976 2129 1115 2162 consilio
1145 2130 1307 2163 dictorum
1338 2134 1465 2176 patrum
1488 2135 1519 2163 et
1540 2130 1747 2164 dominorum
1769 2129 1931 2164 Johannis
1950 2129 2189 2165 Nazaretensis

323 2190 353 2217 et
382 2186 544 2220 Joliannis
564 2187 776 2232 Magarensis
797 2192 1030 2235 episcoporum
1053 2190 1158 2235 ipsuni
1182 2193 1418 2224 monasterium
1440 2194 1545 2225 sancti
1566 2189 1694 2224 Nicolai
1716 2195 1748 2224 et
1776 2195 1891 2224 sancte
1911 2189 2095 2224 Katherine
2115 2202 2188 2225 cum

324 2247 462 2285 singulis
492 2251 559 2281 suis
584 2249 715 2291 juribus
745 2249 839 2283 bonis
869 2250 1060 2283 utilitatibus
1081 2251 1265 2296 privilegiis
1287 2255 1316 2283 et
1338 2254 1553 2296 pertinenciis
1574 2254 1753 2285 universis.
1775 2254 1859 2284 sicut
1879 2262 1897 2284 a
1918 2254 1967 2285 sui
1989 2251 2189 2286 fundacione

324 2318 428 2351 usque
446 2311 688 2357 inpresentem
711 2310 796 2343 diem
819 2311 875 2343 fuit
898 2313 1077 2344 institutum
1100 2316 1131 2344 et
1151 2311 1320 2345 fundatum
1343 2323 1382 2345 ac
1403 2316 1586 2346 servatum.
1609 2312 1648 2345 de
1670 2315 1740 2357 ipso
1761 2312 1847 2347 loco.
1868 2315 1900 2345 in
1920 2323 1985 2357 quo
2005 2315 2096 2358 prius
2117 2311 2187 2355 fuit,

324 2368 363 2400 ad
394 2372 496 2412 ipsam
528 2370 705 2403 ecclesiam
735 2371 962 2417 parochialem
994 2370 1090 2404 beate
1119 2371 1226 2405 Marte
1256 2375 1408 2417 virginis
1439 2384 1503 2417 que
1532 2375 1592 2406 sita
1623 2377 1671 2406 est
1701 2375 1733 2406 in
1762 2372 1884 2418 oppido
1914 2372 2187 2407 Lanczkronensi

323 2429 471 2472 predicto
502 2433 531 2462 in
562 2430 613 2463 dci
644 2434 778 2465 nomine
807 2432 1034 2465 transtulimus
1064 2436 1095 2465 ct
1124 2432 1356 2466 transferimus
1387 2436 1416 2466 in
1448 2433 1510 2467 hiis
1538 2436 1670 2478 scriptis
1690 2433 1883 2466 ordinantes
1903 2437 1936 2466 et
1955 2433 2189 2476 decernentes,

321 2489 406 2532 quod
447 2493 515 2534 ipsa
556 2492 698 2525 ecclesia
737 2493 938 2537 parochialis
976 2492 1072 2526 beate
1101 2492 1207 2526 Marte
1245 2496 1386 2537 virginis
1420 2496 1656 2527 monasterium
1696 2497 1932 2528 canonicorum
1985 2494 2188 2539 regularium

323 2554 500 2582 censeatur
521 2556 549 2583 et
573 2555 761 2586 nominetur
781 2554 864 2598 apud
887 2564 1003 2587 omnes
1033 2557 1064 2586 et
1093 2552 1178 2598 quod
1210 2557 1399 2599 prepositus
1428 2558 1460 2587 et
1489 2554 1610 2587 fratres
1640 2553 1787 2587 eiusdem
1819 2557 2023 2595 monasterii,
2053 2557 2107 2600 qui
2127 2565 2189 2600 pro

324 2613 473 2653 tempore
504 2611 622 2644 fuerint
645 2615 726 2645 sicut
749 2616 801 2657 qui
824 2617 853 2647 in
875 2617 1049 2659 presencia
1071 2619 1157 2651 sunt.
1179 2617 1210 2648 in
1233 2618 1303 2660 ipso
1326 2618 1529 2648 monasterio
1549 2614 1609 2649 sub
1634 2614 1744 2648 habitu
1767 2619 1797 2648 et
1818 2615 1934 2659 regula
1952 2618 2188 2649 canonicorum

323 2670 502 2713 regularini
521 2672 645 2705 ordinis
662 2677 766 2706 sancti
784 2674 963 2718 Augustini
981 2678 1200 2709 communiter
1216 2678 1343 2709 vivant.
1362 2676 1485 2709 devote
1501 2676 1564 2709 deo
1581 2678 1730 2709 serviant
1745 2678 1829 2709 sicut
1844 2680 1919 2710 sunt
1934 2678 2082 2710 instituti.
2099 2674 2140 2709 Et
2157 2679 2189 2709 ut
