2313 3090
1022 216 1094 248 :559

123 319 187 353 hoc
216 318 409 364 specialiter
438 322 636 351 vocatorum
667 323 697 351 et
728 324 935 363 rogatorum.
973 322 1139 352 constituti
1169 318 1390 363 personaliter
1420 316 1634 350 honorabiles
1664 321 1694 350 et
1725 316 1897 349 scientifici
1930 319 1993 349 viri

123 380 248 414 domini
293 383 325 412 et.
369 381 519 423 magistri
562 378 723 412 Nicolaus
768 380 873 412 dictus
912 379 1073 413 Puclinili.
1118 379 1313 412 licenciatus
1353 381 1384 411 in
1421 378 1565 411 decretis
1604 388 1734 410 necnon
1775 380 1921 410 vicarius
1964 380 1993 410 in

124 438 348 486 spiritualibus
384 438 662 472 reverendissimi
701 442 731 472 in
763 439 895 473 Christo
925 443 1027 485 patris
1057 445 1089 473 et
1118 440 1240 473 domini
1273 439 1395 472 domini
1425 438 1619 481 Vt⁷olsrami⁸
1649 438 1701 471 dei
1729 441 1844 482 gracia
1875 438 1993 471 arclii—

123 502 273 546 episcopi
318 499 510 544 hagensis,
557 500 740 545 apostolice
783 500 871 533 sedis
916 501 1017 545 legati
1062 500 1243 545 generalis.
1290 499 1470 544 Pragensis
1512 504 1542 531 et
1590 498 1826 532 Oloniucensis
1862 510 1992 532 necnon

123 565 315 595 sanct-orum
347 559 434 593 Petri
464 559 761 604 W'issegradcnsis
791 566 821 593 et
854 560 991 605 Georgii
1022 565 1052 594 in
1083 566 1194 594 castro
1225 560 1386 604 Pragensi
1408 560 1626 593 ecclesiarum
1649 562 1831 592 canonicus
1852 570 1895 592 ex
1917 570 1992 592 una.

123 626 155 655 et
192 619 351 654 Nicolaus
389 620 496 654 dictus
532 620 714 654 Luthomisl
752 620 996 655 baccalaureus
1031 633 1128 655 sacre
1165 621 1337 665 theolog-ie
1373 623 1567 665 arciumque
1604 618 1788 653 liberalium
1819 623 1992 664 magister.

71 712 93 726 ⁴-
124 684 307 716 canonicus
331 681 476 715 ecclesie
498 684 643 714 omnium
667 686 858 715 sanctoruni
890 685 923 715 in
952 687 1063 716 castro
1094 682 1255 726 pragensi
1285 686 1379 727 parte
1410 693 1453 715 ex
1482 681 1597 715 altera.
1629 680 1744 714 arbitri
1774 680 1993 714 arbitratores

124 747 158 777 et
193 741 387 776 amicabiles
425 745 671 787 compositores
709 744 741 775 in
779 754 878 776 causa
913 754 972 776 seu
1011 746 1132 777 causis.
1176 742 1405 788 questionibus
1442 747 1473 776 et
1508 745 1764 778 controversiis.
1808 754 1871 787 que
1909 745 1995 776 inter

125 801 341 838 honorabiles
384 806 416 836 et
460 802 641 847 religiosos
685 805 778 836 viros
822 803 973 837 dominos
1012 803 1163 837 abbatem
1204 808 1235 837 et
1271 808 1474 837 conventum
1514 806 1706 837 monasterii
1744 803 1859 837 Fontis
1898 814 1995 836 sacre

124 863 232 899 Mane
260 866 293 897 in
321 862 400 906 Zar,
429 861 612 908 Pragensis
642 862 798 897 diocesis.
830 864 954 897 ordinis
984 864 1219 898 Cisterciensis
1249 876 1293 897 ex
1321 875 1398 900 una,
1429 869 1458 897 et
1490 864 1666 898 honestum
1696 867 1804 897 virum
1827 863 1994 896 dominum

128 924 341 967 Damianum‚
384 923 563 969 plebanum
602 926 675 957 sive
712 929 881 958 rectorem
919 925 1062 958 ecclesie
1098 924 1318 970 parrochialis
1354 927 1387 957 in
1425 924 1521 958 Nova
1562 924 1717 958 Civitate.
1761 924 1995 958 Olomuceusis

126 985 283 1025 diocesis,
327 984 368 1018 de
407 989 437 1018 et
472 995 573 1030 super
608 984 805 1029 quibusdam
842 986 979 1018 decimis
1013 990 1042 1019 et
1079 989 1262 1019 occasione
1298 988 1445 1031 ipsarum
1482 988 1513 1018 in
1544 990 1574 1019 et
1605 985 1645 1019 de
1677 986 1765 1019 villis
1795 984 1993 1020 PetrowicZ.

126 1045 336 1080 Radnowicz
372 1050 403 1079 et
442 1044 539 1079 Nova
574 1045 660 1078 Yilla
700 1044 786 1078 dicte
822 1045 1055 1080 Olcnnucensis
1084 1047 1228 1079 diocesis
1258 1050 1351 1091 parte
1381 1050 1557 1080 vertuntur
1586 1058 1627 1079 ex
1658 1046 1774 1080 altera.
1818 1058 1878 1092 per
1908 1049 1995 1091 ipsas

126 1110 239 1153 partes
275 1106 373 1140 electi
411 1110 443 1140 et
480 1108 641 1151 assumpti
676 1110 770 1151 prout
808 1108 841 1139 in
876 1105 982 1139 forma
1026 1110 1271 1152 compromissi.
1314 1118 1374 1152 per
1413 1117 1465 1139 me
1495 1109 1657 1140 notarium
1688 1106 1853 1152 publicum
1886 1107 1995 1139 inl'ra-

128 1169 288 1213 scriptum
318 1167 464 1213 desuper
492 1166 658 1208 confecta,
687 1166 816 1212 plenius
846 1170 1035 1201 continetur
1064 1172 1093 1200 et
1124 1171 1173 1201 est
1203 1178 1411 1213 expressum.
1439 1166 1502 1201 Ubi
1524 1167 1621 1201 iidem
1642 1167 1757 1201 arbitri
1779 1167 1996 1201 arbitratores

128 1232 159 1263 et
196 1227 390 1261 amicabiles
430 1231 688 1274 compositores,
731 1230 904 1273 premissis
932 1229 1099 1262 nonnullis
1129 1227 1408 1261 altercacionibus
1438 1228 1478 1261 de
1509 1228 1660 1261 facienda
1690 1231 1994 1273 prommcciacione

127 1300 230 1335 super
257 1292 432 1335 premissis
460 1292 546 1322 inter
566 1292 654 1334 ipsas
675 1293 787 1334 partes
809 1288 917 1322 denuo
938 1292 1018 1335 ipsis
1039 1292 1173 1322 omnino
1195 1288 1468 1322 conti-anantilnis
1489 1293 1518 1321 et
1540 1291 1742 1322 contrarium
1764 1288 1997 1333 allegantibus.

127 1353 203 1396 quia
239 1352 272 1383 in
310 1360 409 1383 unam
446 1352 653 1383 sentenciam
688 1349 951 1395 pronum-viandi
989 1353 1173 1383 convenire
1210 1360 1275 1383 non
1311 1353 1465 1394 poterant
1499 1360 1607 1394 neque
1646 1354 1835 1395 potnerunt.
1874 1350 1996 1383 fact-um

129 1410 320 1445 huiusmodi
348 1413 665 1456 pronuncciacionis
696 1415 727 1444 et
756 1410 1020 1456 pronuncciandi
1049 1410 1090 1443 dc
1119 1415 1150 1443 ct
1180 1421 1280 1456 super
1309 1413 1481 1456 premissis
1503 1414 1533 1443 et
1555 1413 1735 1444 occasione
1756 1414 1997 1456 premissorum

129 1470 317 1505 honorabili
352 1474 427 1505 viro
464 1471 599 1505 domino
636 1475 667 1504 et
704 1475 866 1516 magistro
902 1470 1022 1503 Adam.
1054 1471 1265 1504 decretorum
1297 1471 1438 1504 doctori.
1469 1470 1708 1504 archidiacono
1739 1470 1936 1505 Gradicensi
1967 1474 1997 1504 in

130 1532 276 1567 eeclesia
304 1531 468 1577 Pragensi
497 1532 659 1578 predicta,
689 1536 857 1577 tamquam
885 1531 1112 1577 superarbitro
1142 1543 1201 1577 per
1221 1535 1310 1577 ipsas
1331 1536 1443 1577 partes
1463 1543 1564 1577 super
1584 1535 1756 1577 premissis
1777 1535 1999 1566 communiter

129 1593 238 1627 electo
273 1598 305 1627 et
343 1598 515 1639 assumpto
553 1596 795 1627 commiserunt
830 1597 859 1626 et
899 1592 940 1625 ad
980 1596 1083 1638 ipsum
1114 1595 1326 1626 remiserunt.
1371 1598 1402 1626 ut
1434 1595 1504 1638 ipsc
1533 1593 1762 1638 superarbiter
1791 1604 1850 1639 per
1879 1605 1915 1627 sc
1944 1595 1999 1627 vel

131 1665 207 1688 cum
237 1653 344 1688 altero
373 1654 575 1689 arbitrorum
607 1655 789 1688 eorundem
821 1658 910 1688 iuxta
942 1654 1082 1687 formam
1113 1656 1346 1699 compromissi
1376 1653 1524 1686 laudaret
1555 1664 1614 1687 seu
1644 1653 1828 1688 laudarent.
1850 1654 1998 1688 arbitra-

130 1719 224 1749 retur
263 1727 324 1750 seu
363 1714 608 1750 arbitrarentur
643 1719 730 1749 inter
766 1720 878 1761 partes
915 1718 1118 1760 prescriptas
1155 1726 1193 1747 ac
1224 1714 1415 1747 dil'linirent.
1473 1715 1560 1747 Acta
1591 1719 1666 1748 sunt
1695 1714 1759 1747 hcc
1788 1715 1998 1760 presentibus

131 1775 383 1811 honorabilibus
430 1780 461 1810 et
509 1777 662 1810 discretis
706 1779 788 1810 viris
834 1776 974 1809 dominis
1016 1776 1169 1809 ,loli-anne
1209 1775 1248 1808 de
1283 1774 1390 1808 Duba.
1434 1775 1635 1809 cancellario
1675 1776 1761 1809 dicte
1798 1776 2000 1809 cancellarie

78 1839 85 1847 '
129 1836 377 1883 archiepiscopi
406 1836 599 1882 Pragensis.
644 1840 807 1871 canonico
838 1837 982 1870 ecclesie
1012 1839 1116 1869 sancti
1147 1835 1285 1880 Georgii
1316 1839 1345 1869 in
1377 1840 1487 1869 castro
1518 1836 1679 1880 l'ragensi
1709 1836 1871 1881 predicto.
1903 1836 2000 1870 Petro

132 1898 174 1932 de
210 1896 414 1931 Tusnowwz
448 1898 600 1932 similiter
636 1901 800 1931 canonico
840 1901 870 1931 in
906 1896 1236 1931 lYoll'rainsliirclien
1274 1901 1303 1929 et
1342 1895 1484 1942 plebano
1520 1899 1593 1930 sive
1630 1901 1764 1930 rectore
1793 1900 1824 1930 in
1855 1897 1999 1930 Plawcz.

135 1958 372 1994 Olomueensis
409 1958 555 1992 diocesis
592 1958 826 2001 ecelesiarum,
870 1958 1065 1991 watenuno
1105 1957 1144 1990 de
1184 1956 1297 1990 Sadek
1335 1957 1422 1990 dicto
1461 1957 1633 1993 Kanczek.
1677 1962 1707 1990 et
1738 1957 1882 1991 Mai-tino
1913 1957 2000 1991 dicto

130 2019 231 2062 Hess,
259 2021 399 2053 notariis
428 2018 567 2065 publicis
597 2024 628 2052 ct
658 2019 730 2053 aliis
759 2018 907 2065 pluribus
937 2018 1075 2051 testibus
1097 2017 1272 2054 lidediffnis
1295 2021 1383 2050 circa
1404 2020 1578 2063 premissa.
1601 2017 1682 2051 Item
1704 2029 1792 2051 anno
1814 2019 2001 2052 indiccione

131 2084 163 2114 et
192 2079 397 2126 pontificatu,
436 2079 554 2125 quibus
583 2091 693 2126 supra,
724 2080 776 2113 die
808 2083 910 2113 tercia
942 2082 1064 2113 mensis
1093 2078 1182 2112 Maii.
1214 2078 1296 2111 liora
1328 2081 1504 2111 terciarnm
1537 2078 1591 2111 vel
1620 2081 1713 2123 quasi
1743 2082 1774 2112 in
1803 2079 2001 2112 IIradczano

134 2140 296 2186 Pragensi
339 2143 371 2174 in
414 2141 555 2186 quadani
600 2151 733 2174 camera
773 2142 890 2174 domus
930 2140 1149 2173 habitacionis
1188 2138 1392 2172 venerabilis
1431 2143 1461 2171 ct
1498 2138 1670 2172 scientifici
1708 2142 1771 2173 viri
1810 2139 1932 2173 domini
1972 2144 2001 2172 et

133 2205 285 2247 magistri
322 2201 444 2235 Adam.
483 2201 695 2235 decretorum
736 2202 896 2235 doctoris.
937 2201 1162 2234 archidiaconi
1194 2200 1409 2234 Gradicensis
1439 2202 1468 2232 in
1500 2200 1642 2233 ecclesia
1673 2199 1847 2244 Pragensi,
1877 2210 2003 2245 supcr-

134 2262 250 2297 arbitri
292 2265 446 2309 superius
485 2266 645 2297 nominati
696 2266 728 2297 in
773 2266 836 2296 mei
880 2265 999 2296 notarii
1042 2261 1160 2308 publici
1205 2262 1407 2305 infrascripti
1450 2264 1480 2292 ct
1524 2262 1652 2293 testium
1698 2263 1873 2305 presencia
1917 2259 2002 2294 sub-

133 2326 348 2370 scriptorum,
378 2323 418 2357 ad
448 2323 512 2358 hoc
542 2324 734 2370 specialiter
764 2328 960 2357 vocatorum
992 2327 1023 2356 et
1053 2327 1259 2367 rogatorum.
1291 2323 1460 2354 constituti
1490 2321 1713 2365 personaliter
1741 2323 2003 2365 supranominati

134 2384 259 2418 domini
294 2383 404 2418 Adam
441 2384 570 2418 doctor.
601 2384 858 2418 archidiaconus
895 2394 1026 2418 necnon
1065 2382 1293 2428 superarbiter
1323 2386 1352 2414 et
1382 2380 1540 2414 Nicolaus
1570 2379 1719 2414 Puchnik
1749 2381 1942 2414 licenciatus
1973 2384 2003 2414 in

133 2444 292 2488 decretis,
320 2447 467 2478 vicarius
497 2448 746 2490 canonicusque
777 2450 807 2478 et
837 2444 973 2478 arbiter.
1005 2443 1058 2477 ubi
1088 2443 1164 2476 ‹licti
1194 2444 1315 2476 domini
1347 2446 1377 2474 et
1400 2443 1548 2483 magistri
1569 2440 1796 2487 superarbiter
1816 2445 1848 2474 et
1868 2441 2004 2481 arbitem

133 2505 222 2539 facta
260 2505 445 2539 collacione
480 2505 521 2539 de
555 2510 586 2539 et
625 2517 726 2551 super
755 2506 917 2539 deductis.
948 2505 1043 2539 dictis
1073 2508 1204 2537 testium
1235 2503 1470 2548 productorum
1503 2504 1532 2534 in
1564 2504 1747 2546 prescripta
1779 2512 1878 2535 causa
1909 2501 2004 2535 arbi-

135 2568 236 2600 traria
265 2569 412 2611 parcium
444 2569 717 2612 prescriptarum,
749 2570 954 2599 memoratus
985 2566 1136 2599 dominus
1165 2564 1275 2597 Adam
1307 2564 1425 2596 doctor
1455 2566 1484 2594 et
1515 2561 1744 2607 superarbiter
1773 2562 1813 2595 de
1834 2562 2005 2595 voluntate

134 2630 168 2660 et
202 2637 369 2660 consensu
408 2629 511 2672 ipsius
541 2627 662 2660 domini
693 2631 723 2660 et
756 2629 907 2671 magistri
938 2626 1066 2659 Nicolai
1098 2624 1245 2658 Puclinik
1276 2624 1388 2656 arbitri
1420 2622 1524 2656 verbo
1555 2626 1585 2655 ct
1615 2625 1686 2655 sine
1715 2625 1859 2667 scriptiS.
1903 2625 2004 2668 ipsius

135 2691 166 2721 et
197 2687 346 2721 eiusdem
378 2690 528 2732 magistri
558 2686 688 2721 Nicolai
719 2686 868 2721 Puchnik
898 2690 1043 2720 nomine.
1080 2688 1345 2731 pronnncciavit.
1377 2683 1533 2717 laudavit.
1565 2682 1760 2716 declaravit.
1791 2682 1941 2716 ‹tistinivn
1973 2687 2003 2715 ct
