2313 3090
1010 205 1077 239 121

112 313 275 356 porrexit„
304 315 400 357 prout
430 311 578 355 legitime
608 310 783 344 tenebatur
813 315 844 344 et
873 311 913 344 ad
944 310 1008 344 hoc
1038 308 1226 343 faciendum
1245 309 1351 343 fuerat
1382 312 1537 343 astrictus
1567 309 1691 343 ordinis
1721 309 1859 354 predicti
1885 311 1980 353 juxta

111 376 230 406 statuta
261 376 292 405 et
320 372 438 417 regule
467 371 737 405 observanciam.
769 372 864 413 Quod
894 375 937 405 ita
967 375 1018 404 est
1046 373 1077 404 in
1106 373 1250 404 veritate
1280 375 1312 404 et
1342 370 1382 403 de
1411 370 1569 416 predictis
1599 369 1752 404 omnibus
1784 373 1815 403 in
1836 372 1983 403 vicinatu

111 434 198 467 dicte
236 433 381 466 ecclesie
419 431 555 466 Crisans
592 433 677 478 apud
716 431 779 466 fide
818 433 937 477 dignas
974 442 1138 478 personas
1177 431 1315 465 idoneas
1353 435 1384 464 et
1412 442 1539 475 graves
1569 433 1763 464 memoriam
1796 430 1983 464 huiusmodi

111 493 189 528 facti
219 499 251 529 01
280 497 329 528 101
358 492 556 527 habentibus
585 492 661 540 (sici
691 496 838 527 surrexit
869 495 1051 526 notorietas
1081 494 1112 525 111
1134 496 1275 536 utroque
1296 503 1381 525 sexu
1410 490 1539 537 publica
1567 502 1635 525 vox
1656 490 1806 524 etfama.
1838 490 1978 524 Necnon

109 555 318 590 Heruscliius
347 557 400 600 pie
430 557 591 587 memorie
621 558 734 587 rector
763 557 835 587 sive
866 554 1026 599 plebanus
1057 556 1088 586 iu
1119 552 1205 586 dicta
1235 552 1395 598 Kynhayt
1425 552 1559 585 officiali
1589 552 1804 586 Oloniucensi
1834 551 1981 585 Henrico

111 619 245 650 nomine
284 626 344 661 pro
383 614 536 648 tribunali
575 614 714 648 sedente
754 625 818 647 non
849 619 985 647 coactus
1015 624 1077 647 nec
1111 613 1268 647 seductus
1298 624 1410 646 coram
1442 616 1514 658 ipso
1543 617 1575 646 et
1604 615 1706 658 ipsius
1736 615 1818 646 actis
1848 612 1980 657 publice

61 700 69 702 —
110 677 220 711 fassus
258 681 308 710 est
347 681 378 710 et
415 675 592 713 1010110101,
631 686 766 720 semper
802 675 921 708 dudum
961 679 1057 708 antea
1087 673 1220 708 dedisse
1258 678 1290 707 et
1319 673 1398 707 dare
1429 673 1553 707 debere
1583 677 1732 717 integras
1761 673 1909 706 decimas
1939 673 1979 706 de

111 738 196 772 villis
226 736 457 775 Crewczdorfi
489 735 674 769 Bobdalaw
704 736 967 769 conuuendatori
997 746 1055 769 seu
1085 737 1209 767 rectori
1247 734 1419 779 hospitalis
1459 737 1564 767 saneti
1601 737 1734 779 spiritus
1773 736 1804 767 in
1834 734 1980 778 Antiqua

111 798 234 836 Bruna,
264 801 318 843 qui
348 802 397 831 051
426 797 482 831 vel
512 797 608 830 fuerit
639 807 699 842 pro
730 800 880 841 tempore
910 799 1118 838 constitutus,
1148 799 1245 840 prout
1274 794 1334 828 sub
1364 795 1441 828 dicti
1462 794 1659 828 ot'licialatus
1680 797 1855 828 autenticis
1876 795 1980 828 literis

110 859 237 905 plenius
267 861 466 892 continetur.
496 857 538 891 Et
567 858 654 902 quod
685 858 804 902 prefati
836 856 1015 899 Bolidalus‚
1045 855 1166 899 Janko,
1196 855 1363 889 Michaliel
1394 860 1426 887 et
1456 854 1624 899 Georgius
1646 856 1865 888 ecclesiarum
1896 866 1981 900 pre-

110 921 269 955 dictarum
300 919 432 966 plebani
461 919 628 964 predictas
660 921 810 963 integras
840 918 972 963 frugum
1003 917 1150 951 decimas
1189 916 1229 949 de
1258 916 1345 950 villis
1383 916 1478 950 dictis
1509 914 1741 953 Crewczdorfi
1783 915 1979 949 Bohdalaw.

108 980 316 1023 Morawska,
354 979 573 1017 Miroschaw,
613 978 742 1013 Cossau
782 984 845 1012 ete.
886 977 1159 1024 provenientibus
1199 976 1280 1023 (sic)
1320 982 1487 1022 tamquam
1518 979 1661 1022 empticii
1692 981 1723 1009 et
1752 981 1980 1010 conventores

107 1041 289 1076 earundem
320 1041 524 1074 decimarum
554 1051 614 1085 pro
644 1042 745 1073 certis
776 1040 859 1072 1111111
890 1042 1022 1084 scriptis
1051 1041 1266 1084 pecuniarum
1297 1041 1434 1072 summis
1464 1038 1503 1071 ad
1529 1042 1621 1071 certa
1643 1048 1805 1070 annorum
1827 1042 1977 1082 tempora

106 1114 166 1149 per
195 1105 286 1148 ipsos
315 1101 519 1147 recipiendae
560 1100 725 1137 habenda„
766 1100 935 1134 servanda
974 1104 1006 1133 et
1040 1099 1183 1133 tenenda
1213 1103 1447 1133 convenerant
1475 1110 1492 1132 a
1524 1103 1657 1132 rectore
1686 1110 1745 1132 seu
1775 1098 1917 1144 plebano
1947 1102 1978 1131 in

104 1163 254 1210 predicta
290 1162 430 1196 Krisans
467 1173 527 1195 5011
566 1165 700 1195 1001010
738 1160 910 1207 hospitalis
949 1166 981 1194 et
1009 1161 1134 1194 ordinis
1163 1171 1263 1206 supra
1294 1160 1384 1203 (11011,
1419 1160 1459 1193 (10
1489 1170 1627 1205 quarum
1659 1159 1864 1192 decimarum
1894 1170 1978 1204 pre-

106 1224 266 1258 dictarum
298 1225 531 1257 convencione
560 1234 620 1256 seu
650 1224 825 1267 empcione
856 1222 941 1256 facta
972 1233 1032 1268 per
1061 1224 1150 1267 ipsos
1180 1220 1341 1267 plebanos
1370 1232 1471 1266 supra
1502 1220 1608 1254 dictos
1637 1220 1676 1253 ad
1699 1224 1826 1253 certum
1849 1224 1979 1265 tempus

105 1283 292 1330 probitivos
330 1284 512 1317 earundmn
551 1284 704 1317 villarum
744 1288 793 1316 est
833 1289 866 1316 et,
893 1286 1040 1317 surrexit
1076 1284 1260 1316 notorietas
1290 1293 1329 1315 ac
1359 1281 1488 1327 publica
1520 1292 1589 1315 vox
1619 1285 1651 1314 et
1681 1281 1778 1314 fama.
1837 1280 1978 1318 Tamen.

106 1347 254 1379 nescitur
283 1355 348 1389 quo
378 1344 465 1377 ducti
495 1347 623 1389 spiritu,
655 1344 793 1388 predicti
824 1344 947 1377 domini
977 1343 1158 1387 Bohdalus,
1188 1342 1308 1381 11111110,
1338 1342 1518 1378 Μ1011111101.
1560 1341 1740 1384 Georgius„
1779 1341 1831 1374 dei
1862 1344 1980 1374 timore

105 1408 302 1452 postposito,
342 1416 423 1438 ausu
462 1405 630 1449 sacrilego
660 1409 691 1438 et
728 1405 922 1449 spoliatorio
952 1407 982 1437 in
1013 1415 1147 1437 suarum
1177 1407 1362 1437 animarum
1392 1414 1500 1445 grave
1532 1402 1646 1436 salutis
1677 1402 1872 1447 perieulum,
1903 1402 1979 1435 dicti

105 1466 236 1513 plebani
274 1469 306 1499 in
344 1465 484 1500 Krisans
522 1477 581 1499 seu
620 1468 763 1499 rectoris
803 1465 974 1510 hospitalis
1012 1476 1051 1498 ac
1081 1467 1384 1499 amministratoriS.
1415 1466 1645 1509 procuratoris
1675 1467 1707 1496 et
1736 1463 1978 1508 dispensatoris

105 1528 324 1574 dispendium,
347 1526 523 1572 dampnum
546 1530 577 1559 et
593 1527 759 1570 jacturam
781 1526 963 1571 predictam
985 1526 1162 1559 ecclesiam
1185 1528 1216 1558 in
1237 1525 1410 1571 Krzysans
1431 1529 1462 1557 et
1483 1535 1544 1569 per
1564 1535 1776 1569 consequens
1794 1524 1976 1568 predictum

106 1588 270 1634 hospitale
299 1590 403 1621 sancti
443 1590 575 1632 spiritus
606 1590 636 1620 iu
668 1586 814 1631 Antiqua
846 1585 955 1619 Bruua
987 1589 1156 1632 ipsiusque
1191 1591 1359 1619 rectorem
1391 1597 1429 1618 ac
1468 1584 1656 1630 plebanum,
1697 1585 1977 1629 dispensatorem7

105 1653 260 1691 10101001,
303 1653 557 1694 procuratorem
602 1653 634 1681 et
671 1650 986 1681 amministratorem
1026 1658 1208 1693 pauperum
1248 1651 1280 1681 et
1318 1646 1553 1680 miserabilium
1594 1657 1814 1691 personarum
1855 1645 1976 1678 ibidem

105 1710 303 1755 degencium
343 1709 488 1742 dominio
527 1711 760 1754 percepcionis
799 1708 1002 1741 deeimarum
1043 1708 1266 1754 predictarum
1298 1713 1330 1741 et
1359 1707 1497 1753 pai-ilice
1528 1709 1752 1752 possessionis
1782 1706 1914 1750 frugum
1948 1711 1980 1739 et

104 1770 240 1803 alterius
277 1773 373 1815 grani
412 1772 677 1815 provencionum
722 1772 997 1815 provenieucium
1041 1769 1081 1802 de
1119 1769 1205 1803 villis
1250 1767 1483 1807 Crewczdors„
1527 1767 1724 1800 Bolidalaw.
1768 1765 1977 1800 Morawska.

104 1829 322 1874 Miraschaw,
353 1829 480 1864 Cossan
511 1835 575 1863 010.
606 1830 692 1863 dicte
710 1830 943 1863 Olomucensis
966 1830 1110 1863 diocesis
1131 1834 1246 1863 00111111
1269 1829 1365 1862 deum
1392 1833 1423 1861 et
1439 1829 1620 1871 justiciam,
1643 1830 1708 1860 imo
1730 1827 1977 1872 privilegialem

106 1894 344 1925 immunitatem
375 1896 407 1924 et
436 1891 621 1924 libertatem
653 1891 861 1924 dominorum
895 1902 1010 1933 regum
1043 1895 1074 1923 01
1104 1890 1333 1924 marchionum
1364 1889 1517 1923 Moravic
1547 1893 1579 1921 et
1608 1888 1798 1933 specialiter
1833 1900 1914 1932 erga
1946 1892 1975 1921 et

105 1951 269 1985 adversus
299 1952 470 1986 diocesani
499 1955 529 1984 et
560 1954 609 1985 sui
639 1951 772 1996 capituli
791 1951 1037 1984 Olomueensis.
1068 1962 1198 1984 necnon
1228 1955 1343 1984 sancte
1373 1949 1624 1983 recordacionis
1651 1960 1864 1982 romanorum
1887 1960 1978 1994 pon-

106 2012 226 2047 tificum
266 2013 390 2056 1110105,
430 2015 698 2053 conservatoria,
738 2012 928 2058 privilegia„
968 2012 1089 2045 indulta
1129 2011 1322 2045 confirmata
1363 2010 1521 2056 predictis
1561 2012 1720 2054 magistro
1759 2014 1792 2043 et
1820 2009 1978 2043 fratribus

105 2073 230 2107 ordinis
247 2073 488 2107 cruciferorum
511 2076 615 2107 saneti
637 2072 800 2106 ι1011011015
821 2073 1083 2106 ¹lerosoliuiitzmi
1104 2077 1136 2105 et
1158 2072 1328 2118 hospitalis
1347 2072 1529 2105 Brunensis
1551 2071 1690 2116 predicti
1713 2071 1795 2103 datis
1816 2073 1978 2103 canonice

105 2138 137 2167 01
166 2136 351 2177 concessis,
387 2138 514 2167 temere
545 2134 692 2167 violente
732 2134 916 2179 spoliarunt
946 2146 1005 2179 pro
1035 2146 1071 2167 se
1101 2133 1308 2178 occupando.
1367 2132 1508 2165 Demum
1540 2131 1708 2176 predictus
1741 2130 1907 2164 Bolidalus
1938 2130 1978 2163 de

104 2194 263 2240 Kynheyt
295 2206 354 2240 per
384 2199 451 2228 tres
481 2206 586 2229 annos
616 2199 647 2228 et
676 2194 844 2228 1111οΙ101101
874 2195 915 2228 (10
945 2194 1093 2228 inferiori
1125 2194 1305 2228 Bobrowia
1337 2204 1396 2239 per
1426 2193 1507 2225 duos
1529 2204 1634 2226 annos
1657 2192 1819 2226 inclusive
1841 2191 1978 2237 quilibet

104 2255 329 2301 predictorum
360 2255 499 2288 duorum
530 2258 674 2300 quinque
705 2256 854 2289 fertones
885 2266 1081 2299 grossorum
1112 2257 1327 2301 pragensium
1360 2256 1521 2287 moravici
1553 2256 1682 2286 numeri
1718 2257 1749 2285 et
1786 2255 1976 2297 pagamenti

104 2318 136 2349 in
175 2315 321 2361 quolibet
358 2327 444 2349 anno
483 2320 515 2348 01
545 2316 711 2357 Georgius
748 2319 777 2349 in
809 2316 922 2350 Obecz
952 2328 1011 2361 per
1041 2321 1107 2349 tres
1138 2327 1242 2349 annos
1274 2315 1436 2348 inclusive
1466 2318 1497 2347 et
1527 2313 1674 2358 quolibet
1703 2325 1790 2346 auno
1821 2324 1880 2358 per
1910 2318 1977 2346 tres

104 2376 254 2410 fertones
291 2387 488 2420 grossorum
527 2377 664 2421 predicti
706 2380 847 2413 01110011,
885 2388 923 2410 ae
959 2376 1068 2410 Janko
1107 2388 1166 2409 seu
1204 2376 1377 2409 Joliauues
1416 2375 1456 2407 de
1487 2373 1725 2419 Kabylbrobka
1757 2374 1976 2407 ecclesiarum

105 2436 235 2482 plebani
267 2441 417 2470 rectores
446 2437 625 2481 supradicti
657 2440 686 2470 iu
726 2440 832 2483 primo
867 2449 954 2470 anno
984 2438 1065 2470 duas
1096 2448 1134 2470 110
1164 2439 1194 2469 111
1225 2435 1372 2469 seeundo
1403 2446 1490 2467 anuo
1521 2439 1589 2467 tres
1620 2445 1749 2467 mareas
1779 2445 1976 2477 grossorum

105 2497 243 2543 predicti
274 2499 401 2530 numeri
424 2497 570 2529 (1001111115
592 2497 758 2542 predictas
780 2501 841 2531 rite
862 2502 1093 2531 convenerant
1123 2498 1161 2530 ad
1186 2502 1314 2541 tempus·
1336 2495 1530 2541 predictum.
1564 2495 1604 2528 Et
1624 2506 1751 2527 summa
1774 2506 1976 2527 summarum

104 2557 291 2592 huiusmodi
322 2558 545 2603 predictarum
578 2561 791 2603 pe‹.·uniai·iun
823 2559 863 2592 de
894 2559 1050 2604 predictis
1081 2559 1218 2591 decimis
1249 2569 1312 2589 non
1344 2556 1579 2601 persolverunt
1609 2555 1769 2588 hactenus
1808 2560 1863 2588 aut
1893 2566 1976 2600 per—-

104 2618 239 2651 solvere
269 2622 385 2651 curant
416 2621 538 2650 rectori
569 2618 654 2651 dicte
685 2619 833 2652 000105ἰο
863 2622 894 2652 10
924 2618 1063 2652 Krisans
1092 2619 1146 2652 vel
1169 2620 1291 2651 rectori
1322 2629 1381 2650 seu
1411 2616 1552 2662 plebano
1583 2615 1753 2661 hospitalis
1784 2616 1976 2661 supradicti.

105 2682 200 2724 prout
230 2678 368 2724 predicti
400 2677 529 2723 plebani
561 2678 726 2723 predictas
757 2678 888 2723 frugum
912 2679 1058 2712 decimas
1080 2682 1309 2712 convenerant
1333 2677 1480 2721 legitime
1501 2677 1540 2710 ad
1563 2680 1691 2722 tempus
1712 2676 1751 2709 ad
1778 2676 1976 2710 solvendum

1837 2739 1869 2762 10
