2313 3090
1179 176 1252 210 430

281 283 402 315 domini
438 284 584 327 episcopi
617 292 713 326 quam
745 280 875 326 capituli
907 280 1089 313 secundum
1119 287 1223 313 ratam
1255 280 1418 314 bonorum
1449 285 1524 314 sunt
1552 281 1737 318 reficiendi.
1782 282 2010 315 liabitaciones
2040 287 2149 316 autem

280 343 422 387 quelibet
462 353 538 387 pars
577 353 654 375 suas
693 344 760 374 suis
791 344 950 385 expensis
980 341 1160 386 reparabih
1204 341 1378 374 licenciam
1408 353 1492 375 vero
1522 343 1668 376 exeundi
1698 347 1729 375 et
1759 343 1876 376 eadem
1907 343 1960 376 dic
1989 344 2151 377 redeundi

280 406 449 436 eaiujniicis
479 403 631 435 dominus
661 406 752 447 prior
781 402 971 435 concedere
1001 401 1146 438 habebit.
1177 402 1234 435 sed
1265 413 1325 447 per
1354 407 1485 436 noctem
1516 403 1571 436 vel
1600 403 1683 436 ultra
1714 403 1870 437 manendi
1901 409 1995 437 extra
2018 404 2150 438 domuin

282 465 342 497 lioe
382 464 420 496 ad
457 464 623 496 (lominum
655 466 847 508 episcopum
880 462 919 495 de
950 462 1088 496 consilio
1119 467 1229 496 tamen
1259 466 1381 509 prioris
1410 463 1600 509 pertinebit.
1659 464 1814 498 Ceterum
1846 475 1919 497 cum
1950 469 2061 498 steura
2090 476 2151 499 seu

281 524 381 557 berna
418 524 544 567 regalis
585 527 614 556 in
653 534 759 560 regno
799 523 937 556 Boemie
976 522 1074 556 fuerit
1104 523 1237 569 publice
1266 524 1470 569 proclamata
1500 535 1560 569 pro
1591 524 1672 558 fisco
1701 529 1798 569 regio
1828 525 2028 569 colligenda,
2073 530 2151 560 tunc

279 585 443 630 prelatum
480 585 659 629 capitulum
699 595 759 629 per
797 595 833 616 se
872 587 977 628 ipsum
1016 585 1072 617 vel
1108 589 1345 629 procuratores
1384 589 1439 618 aut
1475 585 1639 619 ot'liciales
1680 597 1758 619 suos
1788 589 1892 631 ipsam
1923 585 2060 620 bernam
2091 598 2151 620 seu

281 651 425 679 steni-am
467 645 507 678 de
538 645 632 678 bonis
663 650 694 678 et
724 643 914 678 bominibus
944 647 1012 678 suis
1042 645 1205 690 colligere
1235 650 1267 679 et
1295 649 1449 692 recipere
1480 646 1612 681 debebit
1642 652 1673 680 et
1702 658 1800 680 unam
1832 651 1958 680 certain
1988 658 2149 681 summam

278 706 431 740 videlicet
472 706 596 740 LXXV
626 717 820 750 sexagenas
849 717 1045 750 grossorum
1076 709 1292 752 pragensium
1324 707 1537 741 denariorum
1569 711 1709 744 tociens
1754 710 1915 752 quociens
1944 711 2015 754 ipsa
2046 707 2150 742 berna

278 767 395 800 futuris
434 766 639 812 temporibus
668 778 729 812 per
756 766 1067 811 regnum-Boemie
1097 778 1156 812 pro
1186 766 1267 800 lisco
1296 769 1403 813 regali
1431 769 1638 813 generaliter
1668 768 1856 813 colligenda
1888 768 1999 811 fuerit,
2040 769 2150 814 preli—

278 827 353 860 bato
393 828 526 861 dsunino
564 830 722 872 episcopo
762 832 793 860 et
828 827 1083 861 successoribus
1121 831 1189 861 suis
1226 828 1315 862 dabit
1350 834 1382 862 et
1419 829 1615 874 assignabit„
1659 841 1719 875 per
1754 834 1939 874 pretactum
1980 829 2150 864 dominum

278 891 471 933 episcopum
511 893 543 921 et
581 899 801 921 successores
840 899 900 933 pro
939 899 1073 921 camera
1114 892 1207 933 regia
1239 892 1397 935 impensis
1427 895 1457 923 et
1487 894 1646 935 expensis
1676 893 1743 923 suis
1774 890 1881 923 danda
1912 895 1946 924 et
1973 891 2149 925 solvenda.

277 949 359 983 Item
398 952 627 994 qnociensquc
668 953 885 994 prenarratus
921 949 1076 983 dominus
1116 953 1293 996 episcopus
1322 955 1378 984 aut
1405 954 1454 984 sui
1484 962 1702 984 successores
1731 951 1856 984 clerum
1887 962 1948 997 per
1976 952 2150 997 dyocesim

277 1022 369 1044 suain
414 1014 640 1045 constitutuun
685 1021 817 1043 necnon
860 1010 1040 1043 ecclesiam
1083 1021 1176 1044 suam
1222 1011 1555 1058 Lutliomysslensem
1604 1013 1787 1058 predictam
1831 1023 1892 1057 pro
1937 1012 2150 1057 corrigendis

277 1071 475 1105 excessibus
505 1076 537 1104 et
567 1071 714 1104 moribus
745 1071 968 1105 reformandis
998 1074 1137 1105 visitare
1166 1071 1368 1114 decreverit,
1400 1076 1528 1107 tociens
1550 1073 1713 1119 prefatum
1738 1073 1917 1118 capitulum
1938 1073 2020 1107 duas
2040 1084 2150 1107 sexa-

277 1144 382 1177 genas
412 1144 608 1177 grossorum
640 1135 854 1177 pragensium
885 1143 945 1177 pro
975 1136 1220 1178 procuracione
1250 1134 1357 1167 eidem
1388 1137 1459 1167 sine
1488 1134 1761 1167 contradtcctone
1791 1133 1986 1178 assignabit.
2008 1133 2150 1180 Insuper

277 1194 374 1227 ambe
412 1198 524 1239 partes
560 1194 710 1239 predicte
750 1197 933 1238 protestate
970 1198 1046 1227 sunt
1081 1196 1159 1227 viva
1199 1205 1284 1227 voce
1324 1194 1455 1239 publice
1494 1194 1695 1229 confitendo.
1745 1195 1831 1239 quod
1872 1205 1933 1240 per
1970 1199 2149 1240 presentes

276 1258 572 1300 composicionem,
604 1254 868 1295 ordinacionenn
899 1254 1123 1299 disposionem
1155 1259 1187 1287 et
1216 1255 1423 1289 amicabilem
1454 1256 1668 1289 concordiam
1691 1255 1911 1299 ordinacioni„
1933 1255 2148 1301 disposicioni

277 1328 316 1349 ac
364 1317 530 1354 divisioni,
575 1320 671 1361 prout
711 1318 741 1348 in
781 1315 884 1348 literis
920 1316 1094 1349 divisionis
1132 1315 1295 1349 bonorum
1334 1327 1395 1361 per
1430 1316 1515 1349 benc
1555 1319 1716 1349 memorie
1756 1316 2077 1350 reverendissimum
2115 1320 2149 1352 in

277 1376 409 1410 Christo
439 1381 567 1423 patrem
598 1381 630 1409 et
660 1376 841 1417 dominum,
875 1376 1044 1409 dominum
1074 1375 1291 1421 Przyczlauin
1322 1380 1516 1422 episcopum
1547 1376 1624 1410 olim
1655 1376 1986 1424 tVratislaviensem7
2017 1388 2034 1410 a
2065 1377 2146 1412 sede

275 1438 457 1483 apostolica
489 1438 528 1471 ad
559 1449 597 1471 ea
628 1437 819 1483 specialiter
848 1437 1052 1482 deputatum.
1083 1436 1178 1470 factis
1208 1441 1239 1469 et
1268 1437 1429 1471 ordinatis
1459 1439 1549 1471 clare
1579 1441 1802 1473 continentur.
1833 1440 1865 1471 in
1894 1438 1985 1472 nullo
2014 1442 2146 1484 penitus

277 1499 447 1533 intendunt
478 1501 648 1532 contraire
676 1510 740 1532 nec
770 1501 801 1532 in
832 1499 942 1543 aliquo
973 1498 1218 1535 contradicere.
1255 1499 1312 1533 sed
1343 1502 1459 1544 pocius
1489 1499 1574 1544 quod
1606 1502 1716 1532 omnia
1748 1503 1780 1533 et
1809 1498 1942 1543 singula
1971 1510 2034 1545 per
2061 1510 2146 1545 pre-

276 1560 377 1593 l'atum
415 1560 583 1593 dominum
616 1560 806 1593 Preczlaum
839 1563 1031 1605 episcopum
1063 1560 1139 1594 olim
1170 1560 1487 1593 &Vratislaviensem
1518 1561 1682 1596 ordinata.
1727 1560 1885 1606 disposita
1916 1564 1948 1594 ct
1977 1561 2084 1595 divisa
2114 1564 2147 1595 in

277 1621 429 1654 omnibus
468 1626 499 1654 et
538 1621 678 1665 singulis
715 1625 782 1655 suis
821 1621 989 1663 clausulis,
1033 1624 1225 1664 sentenciis„
1269 1621 1416 1654 articulis
1447 1625 1477 1653 et
1508 1624 1637 1666 punctis
1667 1621 1708 1654 de
1737 1620 1844 1654 verbi
1875 1621 1914 1654 ad
1945 1621 2085 1655 verbum
2115 1627 2149 1656 et

276 1686 397 1727 puncto
437 1682 475 1715 ad
515 1687 672 1727 puni-tnui
710 1687 791 1716 rata,
836 1687 944 1727 grata„
988 1681 1081 1715 lirina
1126 1687 1224 1727 atque
1262 1685 1391 1727 integra
1432 1681 1585 1715 omnibus
1622 1681 1828 1727 temporibus
1864 1682 2076 1727 presentibus
2114 1687 2176 1716 et‘

275 1743 393 1776 suturis
423 1743 661 1776 iuviolabiliter
690 1742 915 1777 observentur
944 1748 975 1777 et
1004 1747 1181 1776 teneantur
1210 1754 1270 1788 per
1298 1747 1410 1788 partes
1440 1743 1629 1788 prelibatas.
1663 1743 1766 1776 Salvo
1796 1754 1849 1786 eo,
1879 1743 2039 1777 videlicetv
2058 1744 2146 1789 quod

275 1804 416 1848 quedam
456 1804 541 1837 bona
581 1805 712 1849 capituli
753 1815 813 1849 pro
850 1804 947 1838 bonis
976 1815 1092 1838 mense
1122 1807 1269 1850 episcopi
1300 1804 1463 1849 deputatis
1493 1809 1633 1850 propter
1662 1804 1783 1837 bonum
1813 1807 1906 1849 pacis
1935 1809 1968 1838 ct
1996 1804 2144 1839 utilitatis

274 1865 435 1909 legittime
464 1865 502 1898 ad
534 1867 680 1898 invicem
711 1870 784 1898 sunt
817 1870 1017 1898 commutata
1048 1870 1079 1899 et
1108 1866 1248 1911 quedam
1278 1864 1363 1899 hona
1394 1865 1455 1898 alia
1479 1868 1508 1898 in
1531 1866 1626 1899 dictis
1647 1866 1764 1899 litteris
1785 1865 1961 1900 divisionis
1980 1865 2144 1900 bonorum

274 1925 360 1959 forte
392 1937 435 1959 ex
465 1925 635 1959 oblivione
666 1926 796 1959 fuerunt
828 1927 974 1960 olnnissa
1005 1926 1060 1961 vel
1089 1926 1170 1960 alias
1201 1929 1306 1959 minus
1337 1927 1426 1959 clare
1457 1938 1633 1971 expressa,
1664 1938 1728 1971 que
1758 1929 1868 1960 omnia
1900 1931 1933 1960 ct
1961 1927 2092 1972 singula
2114 1931 2147 1960 et

274 1987 335 2020 alia
385 1998 596 2032 (plerunque,
640 1992 777 2032 propter
813 1998 876 2032 quc
915 1988 1110 2033 frequenter
1147 1987 1252 2021 dictas
1290 1992 1402 2033 partes
1442 1987 1635 2032 contigebat
1672 1988 1817 2032 litigare„
1863 1990 1894 2021 in
1934 1987 2145 2034 presentibus

274 2049 389 2081 litteris
419 2060 477 2081 seu
508 2048 639 2093 publico
670 2051 888 2082 instrumento
919 2061 978 2094 per
999 2049 1130 2082 modum
1153 2048 1336 2081 amicabilis
1357 2051 1629 2093 composicionis,
1651 2049 1889 2086 ordinacionis.
1911 2049 2146 2096 disposicionis

273 2113 303 2141 et
334 2109 482 2142 fraterne
512 2109 693 2142 concordie
723 2110 921 2145 clarissime.
952 2115 1049 2155 prout
1078 2109 1221 2143 bumana
1243 2112 1318 2143 sinit
1348 2110 1525 2152 disi-reeim
1556 2109 1723 2143 declarata
1755 2112 1879 2143 inserta
1901 2115 1933 2144 et
1954 2113 2144 2156 conscripta

273 2173 430 2203 existunt.
463 2169 588 2211 Quibus
619 2170 750 2215 quidem
783 2171 900 2204 litteris
929 2171 1103 2204 divisionis
1124 2170 1285 2203 bonorum
1308 2174 1339 2203 ct
1359 2173 1506 2215 presenti
1529 2173 1748 2204 instrumento
1770 2182 1901 2205 necnon
1922 2171 2143 2214 ordinacioni,

273 2231 501 2276 disposicioni.
547 2232 729 2264 concordie
765 2236 865 2277 atque
894 2231 1058 2265 amicabili
1089 2233 1329 2276 composicioni
1362 2234 1525 2276 premisse
1555 2236 1666 2276 partes
1696 2231 1854 2265 videlicet
1884 2232 2037 2266 dominus
2067 2234 2145 2278 epi-

271 2303 392 2336 scopus
434 2292 603 2337 predictus
634 2303 692 2337 pro
723 2304 759 2325 se
789 2298 819 2326 et
850 2292 1104 2326 successoribus
1133 2295 1213 2326 suis.
1248 2296 1279 2325 et
1309 2292 1427 2337 prefati
1458 2292 1581 2325 domini
1610 2292 1785 2326 Johannes
1815 2296 1918 2338 prior,
1963 2293 2146 2327 Henzlinus

273 2357 397 2386 custos.
428 2352 599 2386 Libussius
629 2358 756 2394 cantor,
788 2353 904 2387 Petrus
934 2354 1143 2387 scolasticus.
1172 2352 1420 2386 XVenezcslaus
1450 2353 1555 2386 dictus
1583 2353 1719 2394 Parvus,
1750 2365 1903 2399 pronunc
1933 2358 2143 2401 procurator,

273 2424 403 2446 necnon
445 2419 546 2447 totum
586 2415 763 2459 capitulum
794 2415 940 2448 ecclesio
970 2414 1259 2459 Luthomyslensis
1290 2425 1349 2459 pro
1379 2425 1416 2447 se
1446 2418 1474 2446 et
1506 2415 1764 2448 suecessoribus
1794 2418 1863 2449 suis
1894 2426 2011 2449 omnes
2039 2425 2080 2448 ac
2108 2417 2141 2448 in

273 2485 371 2507 unuin
408 2475 635 2519 capitulariter
673 2478 871 2519 congregati
911 2475 971 2509 snb
1009 2477 1236 2515 consciencie⁷
1279 2474 1353 2507 fidei
1391 2479 1420 2507 et
1460 2474 1597 2508 lionoris
1635 2478 1789 2520 puritate,
1834 2486 1899 2509 non
1938 2478 2045 2510 coacti
2078 2486 2143 2509 nec

272 2536 444 2580 compulsi.
476 2537 532 2568 sed
565 2540 679 2581 pocius
711 2542 836 2570 matura
868 2536 1117 2570 deliberacione
1147 2539 1177 2568 et
1208 2535 1338 2579 digesto
1360 2535 1499 2569 consilio
1521 2535 1702 2580 prehabitis
1723 2541 1755 2570 et
1775 2535 1928 2570 omnibus
1949 2540 1981 2570 et
2000 2536 2142 2580 singulis

273 2598 333 2627 rite
363 2600 392 2628 et
425 2597 672 2630 racionabiliter
702 2598 874 2636 discussisq
905 2601 1049 2631 servatis
1078 2596 1268 2637 servandis„
1299 2600 1543 2629 consenserunt
1573 2602 1798 2641 promiserunt
1827 2601 1858 2630 et
1878 2596 2141 2643 spoponderunt,

272 2659 301 2689 in
333 2656 486 2690 omnibus
517 2658 624 2691 lactis.
654 2661 758 2695 uestis
789 2663 819 2692 et
849 2658 1009 2703 gerendis
1040 2660 1161 2699 causis7
1192 2659 1343 2701 negociis
1373 2661 1492 2690 statum
1523 2661 1552 2689 et
1584 2658 1833 2691 ordinacionem
1865 2657 2025 2691 dictarum
2056 2667 2141 2703 par-

2287 302 2313 478 i.0un-='u'3›'·
2297 261 2313 286 e*
2286 236 2313 242 'j
