2313 3090
1229 206 1297 240 144

1212 335 1314 370 154.

330 419 479 453 Johmm.
519 418 669 462 Bischof
703 428 763 449 ron
805 415 998 459 Leilomgssl.
1037 414 1166 447 sicheri
1204 414 1267 447 das
1308 413 1651 457 Aayuffiroerlclosler
1689 415 1721 447 in
1751 413 1955 447 Landslcron
1991 414 2128 456 {spater
2161 413 2192 444 ἱη

335 480 483 515 ΟίιηιῚΙε)
515 490 574 512 ror
605 476 861 520 Fenersyefahr
890 475 994 508 durch
1017 474 1309 517 Nz'ederreisswzq
1339 474 1399 507 der
1427 473 1452 507 8
1481 473 1739 507 benachbarten
1768 474 1908 507 Hauser
1937 473 2006 506 und
2034 475 2196 506 erneuert

334 543 393 573 neit
431 540 661 581 Zuslimnmngs
707 538 764 570 des
810 536 968 569 Klosters
1011 536 1065 571 die
1104 535 1260 568 Greuzen
1301 534 1468 567 z-ezvischen
1506 535 1569 568 den
1607 534 1851 568 klosterliclzeu
1889 533 1956 566 ulad
1983 532 2195 566 scaritis-chen

930 591 1079 629 Acheru
1111 594 1169 628 Dt.
1203 594 1234 628 1.
1265 595 1350 628 szr'
1378 594 1488 629 1393.
1519 608 1545 630 ε,
1577 596 1597 630 l.

497 667 689 719 Johannes
729 685 781 718 dei
820 690 852 718 et
889 684 1072 730 apostolice
1111 684 1201 717 sedis
1238 686 1352 727 gracia
1391 686 1568 728 episcopus
1606 682 1881 716 Luthomislensis
1912 685 2025 714 notum
2055 680 2194 714 facimus

331 750 509 780 universis.
549 747 587 779 ad
629 757 711 791 qnos
750 750 926 791 presentes
965 748 1192 790 pervenerint*
1233 748 1297 777 tam
1336 743 1548 788 presentibus
1586 755 1682 788 quam
1722 742 1851 776 futuris.
1909 741 2004 783 Quod
2035 745 2067 774 et
2095 744 2123 775 si
2152 751 2196 774 ex

331 810 433 840 nostri
472 807 571 839 oflicii
611 806 721 839 debito
760 806 970 850 vigilanciori
1009 816 1089 838 cura
1125 805 1199 838 illis.
1236 816 1296 850 per
1329 815 1393 849 qne
1423 807 1549 837 animas
1579 804 1642 837 deo
1671 804 1792 836 lucrari
1822 805 1999 848 possimus,
2029 804 2135 847 primo
2165 805 2197 834 et

331 867 556 912 principaliter
591 866 772 900 debeamus
809 866 994 900 intendere.
1034 866 1249 899 insistendum
1290 870 1400 898 tamen
1437 865 1591 898 duximus
1621 870 1652 897 et
1690 864 1763 906 hiis,
1802 874 1862 909 per
1904 873 1968 907 que
2009 864 2196 896 commissis

331 927 425 961 nobis
464 928 635 960 valeamus
673 927 713 960 de
738 927 887 960 remedio
927 929 1046 971 quietis
1082 931 1113 959 et
1152 929 1340 959 securitatis
1369 926 1562 971 providere.
1593 928 1664 958 sine
1694 924 1811 969 quibus
1840 923 2037 969 plerumque
2066 926 2097 956 et
2126 925 2196 968 ipsa

329 999 388 1034 per
426 999 522 1032 quani
563 987 652 1020 salus
688 990 880 1032 acquiritur.
920 988 1063 1020 devocio
1101 987 1306 1033 prepedItur.
1366 986 1455 1019 Sane
1493 989 1593 1030 igitur
1630 985 1838 1018 attendentes
1872 983 2093 1029 periculosam
2122 993 2198 1016 esse

331 1051 523 1081 monasterii
556 1051 756 1081 vicinitatem
789 1051 914 1081 civitati
944 1052 1058 1081 nostre
1087 1047 1319 1082 Lanczlzroneu
1350 1058 1454 1092 prope
1485 1050 1578 1080 cuius
1609 1056 1720 1079 muros
1750 1048 1781 1078 in
1811 1043 1968 1078 suburbio
1998 1046 2094 1077 situm
2124 1047 2196 1077 erat

333 1114 363 1142 et
402 1112 547 1142 maxime
587 1108 783 1141 instantibus
821 1111 980 1153 gwerris.
1021 1120 1084 1153 que
1123 1108 1195 1153 plus
1233 1108 1329 1141 solito
1360 1108 1560 1141 invaluerint
1589 1107 1651 1140 hiis
1681 1104 1897 1151 temporibus3
1936 1104 2022 1150 quod
2052 1115 2096 1138 ex
2124 1107 2196 1150 ipso

333 1172 535 1203 monasterio
567 1173 704 1214 propter
732 1172 834 1214 ipsius
864 1169 902 1201 ad
920 1179 1033 1202 muros
1062 1172 1341 1214 propinquitatem
1365 1179 1540 1214 possemus
1560 1167 1705 1201 facilime
1726 1170 1828 1212 ipsam
1851 1168 2020 1199 civitatem
2042 1165 2197 1211 perdere,

331 1230 416 1275 quod
448 1229 543 1262 nobis
573 1234 605 1262 et
635 1229 780 1263 ecclesie
810 1234 922 1262 nostre
952 1229 1209 1263 Luthomislensi
1235 1230 1411 1274 dampnum
1434 1226 1753 1273 esset-›inportabile,
1784 1225 1918 1259 obtenta
1938 1228 2029 1271 prius
2058 1226 2198 1259 licencia

332 1303 348 1324 a
379 1293 590 1324 sanctissimo
630 1293 659 1323 in
699 1289 832 1323 Christo
871 1295 965 1336 patre
1002 1294 1033 1323 et
1072 1290 1204 1323 domino
1244 1290 1377 1323 domino
1416 1288 1590 1322 Bonisacio
1620 1288 1718 1332 digna
1754 1287 1806 1320 dei
1835 1286 2053 1332 providencia
2083 1290 2198 1320 sancte

332 1351 421 1385 sedis
458 1350 611 1384 Romane
649 1361 732 1396 papa
773 1362 873 1389 nono„
913 1350 1024 1384 habito
1064 1354 1169 1384 eciam
1209 1361 1374 1383 consensu
1414 1350 1648 1392 religiosorum
1679 1351 1827 1382 virorum
1858 1346 1994 1381 Henrici
2028 1349 2198 1392 prepositi,

331 1411 494 1446 Johannis
532 1414 653 1456 prioris
693 1416 723 1444 et
762 1414 868 1444 tocius
904 1416 1090 1445 conventus
1128 1411 1266 1456 predicti
1305 1413 1498 1444 monasterii
1542 1420 1787 1455 possessorum7
1825 1412 1931 1454 ipsum
1971 1411 2005 1442 in
2041 1407 2200 1441 suburbio

334 1475 569 1506 monasterium
615 1471 851 1514 destruximus„
896 1476 929 1505 et
970 1472 1008 1505 ad
1053 1472 1230 1505 ecclesiam
1268 1471 1512 1517 parrochialem
1551 1474 1582 1504 in
1621 1471 1739 1503 eadem
1779 1472 1915 1503 civitate
1961 1471 2069 1511 sitam,
2108 1470 2198 1513 prius

333 1538 444 1566 tamen
496 1532 603 1565 eidem
658 1535 862 1565 monasterio
909 1535 1106 1565 auctoritate
1153 1532 1303 1577 predicte
1346 1532 1436 1566 sedis
1483 1532 1666 1577 apostolice
1713 1533 1835 1564 unitam
1879 1534 1911 1563 et
1953 1532 2198 1574 incorporatam

335 1593 572 1631 transtulimusq
613 1604 651 1625 ac
689 1592 829 1625 eandem
867 1593 1044 1626 ecclesiam
1084 1593 1310 1638 parochialem
1351 1595 1560 1626 sanctissime
1590 1594 1730 1636 virginis
1759 1590 1865 1624 Marie
1900 1593 1931 1623 in
1962 1591 2200 1623 monasterium

336 1656 517 1687 ereximus.
549 1656 611 1686 iam
644 1653 728 1686 dicta
759 1656 956 1686 auctoritate
985 1654 1167 1699 apostolica
1199 1659 1377 1687 annuente.
1435 1653 1496 1687 Ubi
1536 1655 1610 1697 qnia
1641 1653 1733 1685 locus
1763 1650 1960 1685 habitaculis
1990 1649 2200 1695 officinisque

333 1714 569 1758 religiosorum
610 1713 834 1758 predictorum
874 1717 1023 1747 virorum
1060 1726 1126 1748 non
1163 1720 1233 1748 erat
1271 1714 1452 1750 sufficiens,
1493 1713 1739 1759 perpendentes
1769 1723 1828 1745 eos
1857 1711 1899 1745 oh
1928 1711 2139 1745 commodum
2170 1714 2203 1744 et

335 1777 548 1808 securitatem
579 1774 708 1819 prel'ate
738 1777 881 1808 civitatis
911 1779 1025 1808 nostre
1054 1776 1094 1808 ad
1125 1787 1324 1809 consensum
1356 1776 1396 1808 de
1425 1774 1624 1820 deponendo
1654 1785 1713 1819 per
1738 1784 1798 1806 nos
1828 1776 1974 1819 ipsorum
1997 1774 2201 1806 monasterio

336 1835 470 1868 multum
501 1834 603 1867 fuisse
633 1839 836 1879 spontaneos
857 1839 888 1867 et.
909 1840 1055 1880 paratos,
1085 1836 1161 1869 licet
1181 1837 1256 1869 inde
1277 1835 1424 1881 pluribus
1444 1835 1606 1881 implicari
1627 1846 1663 1868 se
1683 1845 1749 1868 non
1775 1833 1962 1867 dubitarent
1982 1832 2200 1866 incommodis

336 1901 436 1940 atque
465 1895 627 1940 dampnis,
658 1895 831 1940 prehabito
861 1907 962 1941 super
992 1896 1055 1929 hoc
1084 1900 1228 1929 civitatis
1257 1896 1405 1929 eiusdem
1435 1896 1589 1930 advocati
1619 1898 1809 1939 civiumque
1825 1895 2013 1938 juratorum
2035 1904 2202 1927 consensu

336 1961 368 1990 et
388 1956 539 1990 consilio.
569 1960 698 2001 septem
719 1956 935 1989 domunculas
965 1957 1166 2002 parrochiali
1197 1957 1341 1991 ecclesie
1371 1959 1511 1992 vicinas.
1542 1958 1666 1990 civitati
1697 1960 1806 1988 tamen
1838 1957 1944 1988 minus
1963 1953 2060 1988 utiles
2081 1953 2201 1999 deponi

336 2017 540 2059 admisimus5
572 2027 631 2061 pro
652 2028 731 2049 area
753 2017 847 2050 dictis
868 2020 930 2050 iam
954 2018 1095 2051 dominis
1116 2018 1315 2063 amplianda.
1339 2016 1485 2058 Quarum
1508 2020 1645 2062 primam
1668 2015 1860 2061 possidebat
1889 2014 2006 2048 Petrus
2026 2014 2202 2060 Lengwalt

338 2088 504 2111 censuans
534 2077 574 2110 de
605 2077 711 2110 media
742 2088 854 2110 marca
885 2089 982 2111 unum
1012 2089 1179 2121 grossum.
1213 2078 1403 2113 Secundam
1434 2077 1567 2110 tenebat
1596 2076 1677 2110 Nicz
1699 2075 1826 2110 Ssellcr
1846 2086 2012 2110 censuans
2032 2075 2073 2110 de
2094 2074 2201 2109 media

338 2149 450 2171 marca
482 2137 497 2170 1
531 2148 606 2181 ἑτι-,ς
636 2129 677 2170 de
707 2141 808 2171 tercia
839 2137 1047 2172 Theodricus
1078 2138 1152 2172 1101<
1182 2139 1335 2172 solvebat
1366 2139 1406 2172 de
1436 2149 1501 2171 uno
1532 2138 1661 2171 fertone
1696 2137 1707 2169 1
1743 2148 1814 2181 gr.;
1848 2137 1889 2170 de
1924 2140 2039 2181 quarta
2075 2134 2203 2170 Grani-

338 2198 427 2243 libyn
458 2198 557 2231 vidua
587 2197 742 2231 solvebat
770 2198 810 2231 de
839 2210 904 2232 uno
934 2199 1065 2233 fertone
1100 2199 1110 2232 1
1146 2194 1221 2243 greg
1250 2200 1291 2232 de
1320 2203 1431 2244 quinta
1461 2198 1633 2232 johannes
1663 2197 1837 2231 Sschnller
1865 2196 2019 2230 solvebat
2039 2196 2080 2230 de
2099 2195 2203 2230 tribus

339 2258 524 2292 fertonibus
554 2258 582 2292 ll
611 2269 662 2302 gr.
712 2258 816 2291 Sexta
846 2259 963 2293 domus
992 2259 1174 2293 Thamonis
1203 2259 1357 2293 solvebat
1386 2259 1426 2292 de
1457 2259 1562 2293 media
1599 2270 1709 2292 marca
1755 2258 1765 2291 1
1800 2269 1851 2299 gr.
1901 2257 2050 2303 Septima
2085 2256 2202 2290 domus

338 2318 506 2364 Neydikin
549 2318 648 2352 vidue
684 2318 837 2352 solvebat
875 2319 915 2352 de
945 2331 1010 2353 uno
1040 2320 1170 2354 fertone
1203 2321 1218 2354 1
1252 2332 1304 2365 gr.
1362 2319 1401 2353 Et
1431 2320 1494 2353 boc
1523 2324 1678 2365 quantum
1714 2330 1773 2364 pro
1804 2330 1867 2351 nno
1898 2328 2019 2352 census
2049 2319 2203 2358 termino„

340 2390 414 2412 nam
445 2382 671 2424 unusquisque
700 2390 815 2413 eorum
844 2381 1045 2414 tantumdem
1075 2381 1229 2414 solvebat
1251 2384 1393 2414 termino
1416 2391 1474 2425 pro
1495 2381 1654 2417 secundm
1685 2379 1802 2425 quibus
1821 2379 1960 2423 singulis
1980 2378 2019 2412 ad
2041 2387 2203 2412 summam

341 2440 485 2473 reductis
524 2450 589 2473 non
628 2440 700 2485 plus
738 2443 952 2474 inveniuntur
989 2452 1086 2486 quam
1125 2442 1299 2475 duodecim
1339 2451 1478 2483 grossos
1514 2451 1574 2486 per
1611 2451 1730 2473 annum
1770 2449 1886 2473 omnes
1923 2439 1976 2473 ille
2005 2438 2203 2472 domuncule

341 2511 535 2533 eensuasse⁴
592 2499 643 2533 Nc
682 2504 791 2533 tamen
830 2506 861 2533 et
902 2504 932 2534 in
972 2501 1035 2535 hoc
1074 2502 1204 2535 modico
1234 2507 1289 2535 ant
1318 2505 1347 2535 in
1379 2504 1497 2547 quovis
1527 2501 1590 2534 alio
1628 2503 1752 2534 civitati
1783 2500 2007 2546 preiudicaret
2034 2501 2098 2532 iam
2127 2498 2205 2532 dicti

343 2564 533 2593 monasterii
556 2560 745 2603 translacio(
776 2572 836 2607 pro
857 2565 1137 2607 compensacione
1167 2574 1288 2596 census
1317 2562 1498 2595 earumlem
1529 2561 1800 2594 ‹lonumcularum
1832 2565 1864 2594 et
1892 2571 1966 2594 cuin
1996 2559 2062 2593 hoc
2090 2569 2204 2604 gene-

342 2620 454 2652 raliter
484 2624 628 2653 omnium
659 2625 732 2655 sive
762 2625 845 2655 intra
875 2633 933 2656 scu
964 2628 1059 2656 extra
1090 2623 1205 2656 urbem
1235 2626 1310 2662 sint,
1341 2634 1401 2668 pro
1422 2621 1539 2667 quibus
1564 2625 1688 2655 civitati
1710 2632 1753 2654 cx
1774 2626 1868 2667 parte
1888 2623 1990 2666 ipsius
2011 2621 2204 2654 monasterii

343 2683 424 2713 iusta
469 2684 629 2725 potuisset
667 2687 721 2715 aut
759 2688 872 2728 posset
910 2688 1103 2729 competere
1137 2684 1339 2721 satisfac-cim
1379 2683 1606 2716 ordinavimus
1645 2685 1674 2715 ei
1714 2686 1782 2716 tres
1821 2681 1969 2715 fertones
2005 2691 2065 2726 pro
2101 2690 2204 2714 censu
