<?xml version="1.0" encoding="UTF-8"?>
<!DOCTYPE html PUBLIC "-//W3C//DTD XHTML 1.0 Transitional//EN"
    "http://www.w3.org/TR/xhtml1/DTD/xhtml1-transitional.dtd">
<html xmlns="http://www.w3.org/1999/xhtml" xml:lang="en" lang="en">
 <head>
  <title>
</title>
<meta http-equiv="Content-Type" content="text/html;charset=utf-8" />
  <meta name='ocr-system' content='tesseract 3.04.00' />
  <meta name='ocr-capabilities' content='ocr_page ocr_carea ocr_par ocr_line ocrx_word'/>
</head>
<body>
  <div class='ocr_page' id='page_1' title='image "./codexdiplomaticu12morauoft_0201.png"; bbox 0 0 2313 3090; ppageno 0'>
   <div class='ocr_carea' id='block_1_1' title="bbox 957 204 1082 259">
    <p class='ocr_par' dir='ltr' id='par_1_1' title="bbox 957 204 1082 259">
     <span class='ocr_line' id='line_1_1' title="bbox 957 204 1082 259; baseline -0.032 -20"><span class='ocrx_word' id='word_1_1' title='bbox 957 258 966 259; x_wconf 20' lang='grc' dir='ltr'><strong><em>ἶ</em></strong></span> <span class='ocrx_word' id='word_1_2' title='bbox 1015 204 1082 238; x_wconf 80' lang='grc'>185</span> 
     </span>
    </p>
   </div>
   <div class='ocr_carea' id='block_1_2' title="bbox 967 255 1150 260">
    <p class='ocr_par' dir='ltr' id='par_1_2' title="bbox 967 255 1150 260">
     <span class='ocr_line' id='line_1_2' title="bbox 967 255 1150 260; baseline 0 0"><span class='ocrx_word' id='word_1_3' title='bbox 967 255 1150 260; x_wconf 95' lang='lat' dir='ltr'> </span> 
     </span>
    </p>
   </div>
   <div class='ocr_carea' id='block_1_3' title="bbox 109 304 1982 477">
    <p class='ocr_par' dir='ltr' id='par_1_3' title="bbox 109 304 1982 477">
     <span class='ocr_line' id='line_1_3' title="bbox 117 304 1982 354; baseline -0.004 -10"><span class='ocrx_word' id='word_1_4' title='bbox 117 312 238 345; x_wconf 89' lang='lat' dir='ltr'>herren</span> <span class='ocrx_word' id='word_1_5' title='bbox 268 310 341 344; x_wconf 92' lang='lat' dir='ltr'>dem</span> <span class='ocrx_word' id='word_1_6' title='bbox 372 309 592 354; x_wconf 78' lang='lat' dir='ltr'>marggrafen</span> <span class='ocrx_word' id='word_1_7' title='bbox 621 308 736 342; x_wconf 85' lang='lat' dir='ltr'>diesen</span> <span class='ocrx_word' id='word_1_8' title='bbox 766 308 856 342; x_wconf 90' lang='lat' dir='ltr'>brief</span> <span class='ocrx_word' id='word_1_9' title='bbox 880 308 1045 353; x_wconf 80' lang='lat' dir='ltr'>versigelt</span> <span class='ocrx_word' id='word_1_10' title='bbox 1073 307 1183 353; x_wconf 74' lang='lat' dir='ltr'>gehen</span> <span class='ocrx_word' id='word_1_11' title='bbox 1213 310 1271 340; x_wconf 85' lang='lat' dir='ltr'>mit.</span> <span class='ocrx_word' id='word_1_12' title='bbox 1300 309 1399 340; x_wconf 87' lang='lat' dir='ltr'>mime</span> <span class='ocrx_word' id='word_1_13' title='bbox 1428 304 1674 349; x_wconf 78' lang='lat' dir='ltr'>anhangenden</span> <span class='ocrx_word' id='word_1_14' title='bbox 1704 304 1882 348; x_wconf 80' lang='lat' dir='ltr'>ingesigel.</span> <span class='ocrx_word' id='word_1_15' title='bbox 1913 304 1982 337; x_wconf 86' lang='lat' dir='ltr'>Der</span> 
     </span>
     <span class='ocr_line' id='line_1_4' title="bbox 113 364 1980 417; baseline -0.005 -12"><span class='ocrx_word' id='word_1_16' title='bbox 113 371 223 417; x_wconf 85' lang='lat' dir='ltr'>geben</span> <span class='ocrx_word' id='word_1_17' title='bbox 252 375 339 405; x_wconf 82' lang='lat' dir='ltr'>wart</span> <span class='ocrx_word' id='word_1_18' title='bbox 376 382 415 404; x_wconf 92' lang='lat' dir='ltr'>zu</span> <span class='ocrx_word' id='word_1_19' title='bbox 446 369 581 404; x_wconf 90' lang='lat' dir='ltr'>Brunne</span> <span class='ocrx_word' id='word_1_20' title='bbox 618 369 703 402; x_wconf 88' lang='lat' dir='ltr'>nach</span> <span class='ocrx_word' id='word_1_21' title='bbox 734 368 860 403; x_wconf 81' lang='lat' dir='ltr'>Cristes</span> <span class='ocrx_word' id='word_1_22' title='bbox 899 368 1019 414; x_wconf 82' lang='lat' dir='ltr'>geburt</span> <span class='ocrx_word' id='word_1_23' title='bbox 1048 372 1157 402; x_wconf 88' lang='lat' dir='ltr'>tusent</span> <span class='ocrx_word' id='word_1_24' title='bbox 1187 367 1393 402; x_wconf 91' lang='lat' dir='ltr'>druhundert</span> <span class='ocrx_word' id='word_1_25' title='bbox 1422 369 1452 400; x_wconf 92' lang='lat' dir='ltr'>in</span> <span class='ocrx_word' id='word_1_26' title='bbox 1483 366 1556 399; x_wconf 90' lang='lat' dir='ltr'>dem</span> <span class='ocrx_word' id='word_1_27' title='bbox 1586 367 1661 398; x_wconf 88' lang='lat' dir='ltr'>vier</span> <span class='ocrx_word' id='word_1_28' title='bbox 1690 364 1753 398; x_wconf 89' lang='lat' dir='ltr'>und</span> <span class='ocrx_word' id='word_1_29' title='bbox 1784 367 1980 409; x_wconf 68' lang='lat' dir='ltr'>nuzigesten</span> 
     </span>
     <span class='ocr_line' id='line_1_5' title="bbox 109 427 1564 477; baseline -0.004 -11"><span class='ocrx_word' id='word_1_30' title='bbox 109 434 185 477; x_wconf 87' lang='lat' dir='ltr'>jare</span> <span class='ocrx_word' id='word_1_31' title='bbox 214 431 272 465; x_wconf 88' lang='lat' dir='ltr'>des</span> <span class='ocrx_word' id='word_1_32' title='bbox 302 435 452 475; x_wconf 68' lang='lat' dir='ltr'>sontags,</span> <span class='ocrx_word' id='word_1_33' title='bbox 483 430 531 464; x_wconf 86' lang='lat' dir='ltr'>als</span> <span class='ocrx_word' id='word_1_34' title='bbox 561 441 636 463; x_wconf 90' lang='lat' dir='ltr'>man</span> <span class='ocrx_word' id='word_1_35' title='bbox 666 433 696 463; x_wconf 91' lang='lat' dir='ltr'>in</span> <span class='ocrx_word' id='word_1_36' title='bbox 728 430 873 474; x_wconf 79' lang='lat' dir='ltr'>heiligen</span> <span class='ocrx_word' id='word_1_37' title='bbox 904 429 1044 463; x_wconf 78' lang='lat' dir='ltr'>kirchen</span> <span class='ocrx_word' id='word_1_38' title='bbox 1073 431 1184 474; x_wconf 80' lang='lat' dir='ltr'>singet</span> <span class='ocrx_word' id='word_1_39' title='bbox 1213 427 1418 470; x_wconf 85' lang='lat' dir='ltr'>Quasimodo</span> <span class='ocrx_word' id='word_1_40' title='bbox 1447 429 1564 471; x_wconf 77' lang='lat' dir='ltr'>geniti.</span> 
     </span>
    </p>
   </div>
   <div class='ocr_carea' id='block_1_4' title="bbox 425 529 1982 570">
    <p class='ocr_par' dir='ltr' id='par_1_4' title="bbox 425 529 1982 570">
     <span class='ocr_line' id='line_1_6' title="bbox 425 529 1982 570; baseline -0.004 -9"><span class='ocrx_word' id='word_1_41' title='bbox 425 535 516 570; x_wconf 78' lang='lat' dir='ltr'>(orig.</span> <span class='ocrx_word' id='word_1_42' title='bbox 550 536 633 569; x_wconf 80' lang='lat' dir='ltr'>Perg.</span> <span class='ocrx_word' id='word_1_43' title='bbox 668 535 720 560; x_wconf 78' lang='lat' dir='ltr'>mit</span> <span class='ocrx_word' id='word_1_44' title='bbox 753 537 766 562; x_wconf 90' lang='grc'><strong>1</strong></span> <span class='ocrx_word' id='word_1_45' title='bbox 802 535 928 569; x_wconf 78' lang='lat' dir='ltr'>anhang,</span> <span class='ocrx_word' id='word_1_46' title='bbox 954 534 1011 568; x_wconf 81' lang='lat' dir='ltr'>Sig.</span> <span class='ocrx_word' id='word_1_47' title='bbox 1037 535 1065 559; x_wconf 86' lang='lat' dir='ltr'>in</span> <span class='ocrx_word' id='word_1_48' title='bbox 1097 534 1151 559; x_wconf 87' lang='lat' dir='ltr'>den</span> <span class='ocrx_word' id='word_1_49' title='bbox 1177 533 1404 559; x_wconf 70' lang='lat' dir='ltr'>altstaudischen</span> <span class='ocrx_word' id='word_1_50' title='bbox 1430 531 1522 558; x_wconf 82' lang='lat' dir='ltr'>Acten</span> <span class='ocrx_word' id='word_1_51' title='bbox 1548 531 1597 556; x_wconf 82' lang='lat' dir='ltr'>des</span> <span class='ocrx_word' id='word_1_52' title='bbox 1622 540 1658 558; x_wconf 80' lang='lat' dir='ltr'>m,</span> <span class='ocrx_word' id='word_1_53' title='bbox 1684 529 1982 563; x_wconf 68' lang='lat' dir='ltr'>Laudes-Archives.)</span> 
     </span>
    </p>
   </div>
   <div class='ocr_carea' id='block_1_5' title="bbox 998 680 1102 717">
    <p class='ocr_par' dir='ltr' id='par_1_5' title="bbox 998 680 1102 717">
     <span class='ocr_line' id='line_1_7' title="bbox 998 680 1102 717; baseline 0.019 -2"><span class='ocrx_word' id='word_1_54' title='bbox 998 680 1102 717; x_wconf 79' lang='lat' dir='ltr'>loo.</span> 
     </span>
    </p>
   </div>
   <div class='ocr_carea' id='block_1_6' title="bbox 113 753 1982 864">
    <p class='ocr_par' dir='ltr' id='par_1_6' title="bbox 113 753 1982 864">
     <span class='ocr_line' id='line_1_8' title="bbox 113 753 1982 805; baseline -0.004 -12"><span class='ocrx_word' id='word_1_55' title='bbox 113 760 281 793; x_wconf 75' lang='lat' dir='ltr'>Nikolaus</span> <span class='ocrx_word' id='word_1_56' title='bbox 308 759 459 804; x_wconf 78' lang='lat' dir='ltr'>Bz&#39;scleof</span> <span class='ocrx_word' id='word_1_57' title='bbox 483 770 544 792; x_wconf 77' lang='lat' dir='ltr'>rou</span> <span class='ocrx_word' id='word_1_58' title='bbox 565 758 697 792; x_wconf 68' lang='lat' dir='ltr'>Olma‘tz-</span> <span class='ocrx_word' id='word_1_59' title='bbox 726 761 799 792; x_wconf 71' lang='lat' dir='ltr'>tritt</span> <span class='ocrx_word' id='word_1_60' title='bbox 828 760 890 792; x_wconf 78' lang='lat' dir='ltr'>das</span> <span class='ocrx_word' id='word_1_61' title='bbox 921 758 1019 803; x_wconf 72' lang='lat' dir='ltr'>Dor-f</span> <span class='ocrx_word' id='word_1_62' title='bbox 1044 758 1164 792; x_wconf 74' lang='lat' dir='ltr'>Cossle</span> <span class='ocrx_word' id='word_1_63' title='bbox 1195 756 1391 805; x_wconf 68' lang='lat' dir='ltr'>(Kosslirzy)</span> <span class='ocrx_word' id='word_1_64' title='bbox 1422 756 1478 789; x_wconf 73' lang='lat' dir='ltr'>bei</span> <span class='ocrx_word' id='word_1_65' title='bbox 1508 755 1681 789; x_wconf 54' lang='lat' dir='ltr'>Kaisa-laer</span> <span class='ocrx_word' id='word_1_66' title='bbox 1703 755 1775 788; x_wconf 82' lang='lat' dir='ltr'>dem</span> <span class='ocrx_word' id='word_1_67' title='bbox 1809 753 1982 787; x_wconf 71' lang='lat' dir='ltr'>Olmutz-er</span> 
     </span>
     <span class='ocr_line' id='line_1_9' title="bbox 608 816 1494 864; baseline -0.005 -11"><span class='ocrx_word' id='word_1_68' title='bbox 608 819 746 864; x_wconf 79' lang='lat' dir='ltr'>Cape&#39;tel</span> <span class='ocrx_word' id='word_1_69' title='bbox 774 819 827 854; x_wconf 84' lang='lat' dir='ltr'>ab.</span> <span class='ocrx_word' id='word_1_70' title='bbox 860 819 918 853; x_wconf 82' lang='lat' dir='ltr'>Dt.</span> <span class='ocrx_word' id='word_1_71' title='bbox 952 820 1129 853; x_wconf 71' lang='lat' dir='ltr'>Isremsier</span> <span class='ocrx_word' id='word_1_72' title='bbox 1159 818 1218 851; x_wconf 76' lang='lat'>27.</span> <span class='ocrx_word' id='word_1_73' title='bbox 1251 817 1354 862; x_wconf 74' lang='lat' dir='ltr'>April</span> <span class='ocrx_word' id='word_1_74' title='bbox 1384 816 1494 850; x_wconf 72' lang='lat'><em>1394.</em></span> 
     </span>
    </p>
   </div>
   <div class='ocr_carea' id='block_1_7' title="bbox 107 896 1981 1628">
    <p class='ocr_par' dir='ltr' id='par_1_7' title="bbox 107 896 1981 1628">
     <span class='ocr_line' id='line_1_10' title="bbox 267 896 1981 961; baseline -0.004 -11"><span class='ocrx_word' id='word_1_75' title='bbox 267 896 356 950; x_wconf 61' lang='lat' dir='ltr'>Nos</span> <span class='ocrx_word' id='word_1_76' title='bbox 385 915 544 950; x_wconf 87' lang='lat' dir='ltr'>Nicolaus</span> <span class='ocrx_word' id='word_1_77' title='bbox 573 916 625 949; x_wconf 89' lang='lat' dir='ltr'>dei</span> <span class='ocrx_word' id='word_1_78' title='bbox 656 920 687 949; x_wconf 88' lang='lat' dir='ltr'>et</span> <span class='ocrx_word' id='word_1_79' title='bbox 717 916 900 961; x_wconf 88' lang='lat' dir='ltr'>apostolice</span> <span class='ocrx_word' id='word_1_80' title='bbox 931 916 1019 948; x_wconf 89' lang='lat' dir='ltr'>sedis</span> <span class='ocrx_word' id='word_1_81' title='bbox 1040 917 1154 960; x_wconf 76' lang='lat' dir='ltr'>gracia</span> <span class='ocrx_word' id='word_1_82' title='bbox 1177 916 1354 960; x_wconf 86' lang='lat' dir='ltr'>episcopus</span> <span class='ocrx_word' id='word_1_83' title='bbox 1377 913 1610 947; x_wconf 83' lang='lat' dir='ltr'>Oloniucensis</span> <span class='ocrx_word' id='word_1_84' title='bbox 1632 917 1748 946; x_wconf 88' lang='lat' dir='ltr'>tenore</span> <span class='ocrx_word' id='word_1_85' title='bbox 1768 915 1981 957; x_wconf 80' lang='lat' dir='ltr'>presencium</span> 
     </span>
     <span class='ocr_line' id='line_1_11' title="bbox 111 973 1980 1022; baseline -0.003 -11"><span class='ocrx_word' id='word_1_86' title='bbox 111 980 388 1022; x_wconf 80' lang='lat' dir='ltr'>recognoscimus</span> <span class='ocrx_word' id='word_1_87' title='bbox 418 979 595 1011; x_wconf 77' lang='lat' dir='ltr'>universis.</span> <span class='ocrx_word' id='word_1_88' title='bbox 628 975 724 1018; x_wconf 85' lang='lat' dir='ltr'>Quod</span> <span class='ocrx_word' id='word_1_89' title='bbox 745 988 818 1009; x_wconf 89' lang='lat' dir='ltr'>cuin</span> <span class='ocrx_word' id='word_1_90' title='bbox 840 976 966 1022; x_wconf 85' lang='lat' dir='ltr'>pridem</span> <span class='ocrx_word' id='word_1_91' title='bbox 989 975 1100 1009; x_wconf 88' lang='lat' dir='ltr'>villam</span> <span class='ocrx_word' id='word_1_92' title='bbox 1122 974 1240 1008; x_wconf 86' lang='lat' dir='ltr'>Cossle</span> <span class='ocrx_word' id='word_1_93' title='bbox 1261 977 1424 1008; x_wconf 86' lang='lat' dir='ltr'>iacentem</span> <span class='ocrx_word' id='word_1_94' title='bbox 1446 984 1550 1019; x_wconf 89' lang='lat' dir='ltr'>prope</span> <span class='ocrx_word' id='word_1_95' title='bbox 1571 973 1703 1006; x_wconf 82' lang='lat' dir='ltr'>Keczer</span> <span class='ocrx_word' id='word_1_96' title='bbox 1723 977 1755 1005; x_wconf 88' lang='lat' dir='ltr'>et</span> <span class='ocrx_word' id='word_1_97' title='bbox 1775 976 1980 1018; x_wconf 79' lang='lat' dir='ltr'>spectantem</span> 
     </span>
     <span class='ocr_line' id='line_1_12' title="bbox 109 1032 1980 1072; baseline -0.003 0"><span class='ocrx_word' id='word_1_98' title='bbox 109 1038 149 1072; x_wconf 86' lang='lat' dir='ltr'>ad</span> <span class='ocrx_word' id='word_1_99' title='bbox 189 1038 367 1072; x_wconf 85' lang='lat' dir='ltr'>ecclesiam</span> <span class='ocrx_word' id='word_1_100' title='bbox 417 1042 565 1071; x_wconf 85' lang='lat' dir='ltr'>nostram</span> <span class='ocrx_word' id='word_1_101' title='bbox 605 1036 864 1071; x_wconf 86' lang='lat' dir='ltr'>Olomuceusem</span> <span class='ocrx_word' id='word_1_102' title='bbox 905 1039 1229 1070; x_wconf 84' lang='lat' dir='ltr'>manutenuissemus</span> <span class='ocrx_word' id='word_1_103' title='bbox 1269 1040 1299 1068; x_wconf 86' lang='lat' dir='ltr'>et</span> <span class='ocrx_word' id='word_1_104' title='bbox 1342 1037 1373 1068; x_wconf 96' lang='lat' dir='ltr'>in</span> <span class='ocrx_word' id='word_1_105' title='bbox 1412 1037 1557 1068; x_wconf 76' lang='lat' dir='ltr'>tuicione</span> <span class='ocrx_word' id='word_1_106' title='bbox 1595 1038 1708 1067; x_wconf 90' lang='lat' dir='ltr'>nostra</span> <span class='ocrx_word' id='word_1_107' title='bbox 1747 1032 1980 1067; x_wconf 77' lang='lat' dir='ltr'>habuissemus</span> 
     </span>
     <span class='ocr_line' id='line_1_13' title="bbox 109 1095 1980 1145; baseline -0.003 -12"><span class='ocrx_word' id='word_1_108' title='bbox 109 1102 194 1133; x_wconf 88' lang='lat' dir='ltr'>sicut</span> <span class='ocrx_word' id='word_1_109' title='bbox 208 1099 471 1145; x_wconf 83' lang='lat' dir='ltr'>predecessores</span> <span class='ocrx_word' id='word_1_110' title='bbox 486 1101 592 1132; x_wconf 92' lang='lat' dir='ltr'>nostri</span> <span class='ocrx_word' id='word_1_111' title='bbox 612 1101 761 1144; x_wconf 78' lang='lat' dir='ltr'>episcopi</span> <span class='ocrx_word' id='word_1_112' title='bbox 783 1098 1037 1131; x_wconf 81' lang='lat' dir='ltr'>Olomucenses.</span> <span class='ocrx_word' id='word_1_113' title='bbox 1059 1099 1113 1142; x_wconf 88' lang='lat' dir='ltr'>qui</span> <span class='ocrx_word' id='word_1_114' title='bbox 1134 1107 1194 1142; x_wconf 89' lang='lat' dir='ltr'>pro</span> <span class='ocrx_word' id='word_1_115' title='bbox 1214 1101 1365 1141; x_wconf 89' lang='lat' dir='ltr'>tempore</span> <span class='ocrx_word' id='word_1_116' title='bbox 1386 1095 1520 1131; x_wconf 73' lang='lat' dir='ltr'>fuerint.</span> <span class='ocrx_word' id='word_1_117' title='bbox 1547 1095 1656 1128; x_wconf 88' lang='lat' dir='ltr'>multis</span> <span class='ocrx_word' id='word_1_118' title='bbox 1676 1097 1771 1128; x_wconf 91' lang='lat' dir='ltr'>anuis</span> <span class='ocrx_word' id='word_1_119' title='bbox 1792 1098 1980 1127; x_wconf 88' lang='lat' dir='ltr'>tenuerunt.</span> 
     </span>
     <span class='ocr_line' id='line_1_14' title="bbox 109 1154 1980 1200; baseline -0.004 -6"><span class='ocrx_word' id='word_1_120' title='bbox 109 1160 196 1194; x_wconf 89' lang='lat' dir='ltr'>unde</span> <span class='ocrx_word' id='word_1_121' title='bbox 225 1170 292 1194; x_wconf 92' lang='lat' dir='ltr'>non</span> <span class='ocrx_word' id='word_1_122' title='bbox 320 1159 495 1193; x_wconf 87' lang='lat' dir='ltr'>habuimus</span> <span class='ocrx_word' id='word_1_123' title='bbox 524 1161 557 1193; x_wconf 93' lang='lat' dir='ltr'>in</span> <span class='ocrx_word' id='word_1_124' title='bbox 586 1170 689 1193; x_wconf 87' lang='lat' dir='ltr'>censu</span> <span class='ocrx_word' id='word_1_125' title='bbox 720 1162 781 1192; x_wconf 82' lang='lat' dir='ltr'>nisi</span> <span class='ocrx_word' id='word_1_126' title='bbox 812 1170 908 1192; x_wconf 88' lang='lat' dir='ltr'>unam</span> <span class='ocrx_word' id='word_1_127' title='bbox 940 1169 1085 1192; x_wconf 81' lang='lat' dir='ltr'>marcam</span> <span class='ocrx_word' id='word_1_128' title='bbox 1116 1168 1189 1191; x_wconf 90' lang='lat' dir='ltr'>cum</span> <span class='ocrx_word' id='word_1_129' title='bbox 1220 1157 1326 1190; x_wconf 91' lang='lat' dir='ltr'>media</span> <span class='ocrx_word' id='word_1_130' title='bbox 1358 1167 1469 1189; x_wconf 89' lang='lat' dir='ltr'>marca</span> <span class='ocrx_word' id='word_1_131' title='bbox 1499 1166 1695 1200; x_wconf 76' lang='lat' dir='ltr'>grossorum</span> <span class='ocrx_word' id='word_1_132' title='bbox 1726 1159 1758 1188; x_wconf 87' lang='lat' dir='ltr'>et</span> <span class='ocrx_word' id='word_1_133' title='bbox 1787 1154 1885 1188; x_wconf 91' lang='lat' dir='ltr'>modo</span> <span class='ocrx_word' id='word_1_134' title='bbox 1915 1165 1980 1188; x_wconf 89' lang='lat' dir='ltr'>non</span> 
     </span>
     <span class='ocr_line' id='line_1_15' title="bbox 108 1215 1979 1267; baseline -0.004 -12"><span class='ocrx_word' id='word_1_135' title='bbox 108 1221 231 1267; x_wconf 85' lang='lat' dir='ltr'>placuit</span> <span class='ocrx_word' id='word_1_136' title='bbox 268 1219 519 1254; x_wconf 82' lang='lat' dir='ltr'>honorabilibus</span> <span class='ocrx_word' id='word_1_137' title='bbox 557 1222 639 1253; x_wconf 89' lang='lat' dir='ltr'>viris</span> <span class='ocrx_word' id='word_1_138' title='bbox 678 1220 818 1254; x_wconf 88' lang='lat' dir='ltr'>dominis</span> <span class='ocrx_word' id='word_1_139' title='bbox 857 1220 986 1253; x_wconf 82' lang='lat' dir='ltr'>decano</span> <span class='ocrx_word' id='word_1_140' title='bbox 1024 1224 1056 1252; x_wconf 87' lang='lat' dir='ltr'>et</span> <span class='ocrx_word' id='word_1_141' title='bbox 1094 1218 1236 1264; x_wconf 89' lang='lat' dir='ltr'>capitulo</span> <span class='ocrx_word' id='word_1_142' title='bbox 1275 1217 1419 1251; x_wconf 81' lang='lat' dir='ltr'>ecclesie</span> <span class='ocrx_word' id='word_1_143' title='bbox 1457 1221 1569 1250; x_wconf 90' lang='lat' dir='ltr'>nostre</span> <span class='ocrx_word' id='word_1_144' title='bbox 1607 1215 1853 1253; x_wconf 54' lang='lat' dir='ltr'>Olomuceusisq</span> <span class='ocrx_word' id='word_1_145' title='bbox 1893 1216 1979 1260; x_wconf 91' lang='lat' dir='ltr'>quod</span> 
     </span>
     <span class='ocr_line' id='line_1_16' title="bbox 109 1275 1980 1328; baseline -0.004 -12"><span class='ocrx_word' id='word_1_146' title='bbox 109 1282 311 1328; x_wconf 87' lang='lat' dir='ltr'>peramplius</span> <span class='ocrx_word' id='word_1_147' title='bbox 340 1281 481 1315; x_wconf 86' lang='lat' dir='ltr'>eandem</span> <span class='ocrx_word' id='word_1_148' title='bbox 510 1281 623 1315; x_wconf 82' lang='lat' dir='ltr'>villani</span> <span class='ocrx_word' id='word_1_149' title='bbox 653 1283 685 1314; x_wconf 88' lang='lat' dir='ltr'>in</span> <span class='ocrx_word' id='word_1_150' title='bbox 715 1283 859 1314; x_wconf 79' lang='lat' dir='ltr'>tuicione</span> <span class='ocrx_word' id='word_1_151' title='bbox 880 1286 992 1314; x_wconf 88' lang='lat' dir='ltr'>nostra</span> <span class='ocrx_word' id='word_1_152' title='bbox 1015 1285 1224 1313; x_wconf 82' lang='lat' dir='ltr'>teneremus:</span> <span class='ocrx_word' id='word_1_153' title='bbox 1256 1290 1316 1312; x_wconf 87' lang='lat' dir='ltr'>nos</span> <span class='ocrx_word' id='word_1_154' title='bbox 1338 1281 1391 1324; x_wconf 90' lang='lat' dir='ltr'>qui</span> <span class='ocrx_word' id='word_1_155' title='bbox 1413 1289 1457 1311; x_wconf 82' lang='lat' dir='ltr'>ex</span> <span class='ocrx_word' id='word_1_156' title='bbox 1477 1278 1594 1311; x_wconf 86' lang='lat' dir='ltr'>eadem</span> <span class='ocrx_word' id='word_1_157' title='bbox 1616 1277 1694 1311; x_wconf 82' lang='lat' dir='ltr'>villa</span> <span class='ocrx_word' id='word_1_158' title='bbox 1716 1287 1782 1310; x_wconf 88' lang='lat' dir='ltr'>non</span> <span class='ocrx_word' id='word_1_159' title='bbox 1804 1275 1980 1309; x_wconf 86' lang='lat' dir='ltr'>habuimus</span> 
     </span>
     <span class='ocr_line' id='line_1_17' title="bbox 109 1337 1979 1388; baseline -0.003 -12"><span class='ocrx_word' id='word_1_160' title='bbox 109 1353 264 1388; x_wconf 82' lang='lat' dir='ltr'>magnam</span> <span class='ocrx_word' id='word_1_161' title='bbox 293 1342 479 1386; x_wconf 64' lang='lat' dir='ltr'>utilitatem,</span> <span class='ocrx_word' id='word_1_162' title='bbox 509 1345 540 1376; x_wconf 92' lang='lat' dir='ltr'>in</span> <span class='ocrx_word' id='word_1_163' title='bbox 570 1341 853 1388; x_wconf 83' lang='lat' dir='ltr'>complaceuciam</span> <span class='ocrx_word' id='word_1_164' title='bbox 884 1341 1088 1386; x_wconf 71' lang='lat' dir='ltr'>prefatorum</span> <span class='ocrx_word' id='word_1_165' title='bbox 1122 1368 1128 1373; x_wconf 93' lang='lat'>.</span> <span class='ocrx_word' id='word_1_166' title='bbox 1161 1368 1167 1373; x_wconf 96' lang='lat'>.</span> <span class='ocrx_word' id='word_1_167' title='bbox 1198 1340 1316 1373; x_wconf 84' lang='lat' dir='ltr'>decani</span> <span class='ocrx_word' id='word_1_168' title='bbox 1347 1343 1379 1372; x_wconf 90' lang='lat' dir='ltr'>et</span> <span class='ocrx_word' id='word_1_169' title='bbox 1408 1338 1540 1384; x_wconf 91' lang='lat' dir='ltr'>capituli</span> <span class='ocrx_word' id='word_1_170' title='bbox 1570 1337 1715 1371; x_wconf 86' lang='lat' dir='ltr'>ecclesie</span> <span class='ocrx_word' id='word_1_171' title='bbox 1744 1342 1858 1371; x_wconf 90' lang='lat' dir='ltr'>nostre</span> <span class='ocrx_word' id='word_1_172' title='bbox 1888 1337 1979 1370; x_wconf 89' lang='lat' dir='ltr'>Olo—</span> 
     </span>
     <span class='ocr_line' id='line_1_18' title="bbox 107 1398 1980 1446; baseline -0.003 -9"><span class='ocrx_word' id='word_1_173' title='bbox 107 1406 275 1438; x_wconf 86' lang='lat' dir='ltr'>mucensis</span> <span class='ocrx_word' id='word_1_174' title='bbox 314 1402 498 1437; x_wconf 90' lang='lat' dir='ltr'>dimisimus</span> <span class='ocrx_word' id='word_1_175' title='bbox 536 1402 676 1436; x_wconf 83' lang='lat' dir='ltr'>eandem</span> <span class='ocrx_word' id='word_1_176' title='bbox 712 1402 824 1435; x_wconf 82' lang='lat' dir='ltr'>villam</span> <span class='ocrx_word' id='word_1_177' title='bbox 865 1402 904 1435; x_wconf 80' lang='lat' dir='ltr'>de</span> <span class='ocrx_word' id='word_1_178' title='bbox 943 1405 1055 1435; x_wconf 86' lang='lat' dir='ltr'>nostra</span> <span class='ocrx_word' id='word_1_179' title='bbox 1095 1403 1239 1434; x_wconf 80' lang='lat' dir='ltr'>tuicione</span> <span class='ocrx_word' id='word_1_180' title='bbox 1278 1404 1310 1433; x_wconf 89' lang='lat' dir='ltr'>et</span> <span class='ocrx_word' id='word_1_181' title='bbox 1347 1400 1457 1446; x_wconf 85' lang='lat' dir='ltr'>placet.</span> <span class='ocrx_word' id='word_1_182' title='bbox 1485 1398 1593 1435; x_wconf 71' lang='lat' dir='ltr'>nobis,</span> <span class='ocrx_word' id='word_1_183' title='bbox 1632 1398 1718 1444; x_wconf 88' lang='lat' dir='ltr'>quod</span> <span class='ocrx_word' id='word_1_184' title='bbox 1757 1401 1817 1444; x_wconf 89' lang='lat' dir='ltr'>ipsi</span> <span class='ocrx_word' id='word_1_185' title='bbox 1855 1409 1915 1443; x_wconf 89' lang='lat' dir='ltr'>per</span> <span class='ocrx_word' id='word_1_186' title='bbox 1944 1409 1980 1431; x_wconf 83' lang='lat' dir='ltr'>se</span> 
     </span>
     <span class='ocr_line' id='line_1_19' title="bbox 109 1458 1978 1498; baseline -0.003 0"><span class='ocrx_word' id='word_1_187' title='bbox 109 1464 249 1498; x_wconf 86' lang='lat' dir='ltr'>eandem</span> <span class='ocrx_word' id='word_1_188' title='bbox 275 1463 387 1498; x_wconf 86' lang='lat' dir='ltr'>villam</span> <span class='ocrx_word' id='word_1_189' title='bbox 409 1467 646 1497; x_wconf 81' lang='lat' dir='ltr'>manuteneant</span> <span class='ocrx_word' id='word_1_190' title='bbox 666 1467 698 1496; x_wconf 87' lang='lat' dir='ltr'>et</span> <span class='ocrx_word' id='word_1_191' title='bbox 718 1462 897 1496; x_wconf 80' lang='lat' dir='ltr'>defendant</span> <span class='ocrx_word' id='word_1_192' title='bbox 917 1462 1064 1495; x_wconf 87' lang='lat' dir='ltr'>adinstar</span> <span class='ocrx_word' id='word_1_193' title='bbox 1084 1461 1223 1495; x_wconf 90' lang='lat' dir='ltr'>aliorum</span> <span class='ocrx_word' id='word_1_194' title='bbox 1245 1460 1407 1494; x_wconf 86' lang='lat' dir='ltr'>bonorum</span> <span class='ocrx_word' id='word_1_195' title='bbox 1430 1460 1575 1493; x_wconf 89' lang='lat' dir='ltr'>ecclesie</span> <span class='ocrx_word' id='word_1_196' title='bbox 1595 1463 1710 1493; x_wconf 87' lang='lat' dir='ltr'>nostre</span> <span class='ocrx_word' id='word_1_197' title='bbox 1732 1458 1978 1493; x_wconf 86' lang='lat' dir='ltr'>Olomuceusis.</span> 
     </span>
     <span class='ocr_line' id='line_1_20' title="bbox 109 1519 1977 1570; baseline -0.003 -12"><span class='ocrx_word' id='word_1_198' title='bbox 109 1524 145 1558; x_wconf 90' lang='lat' dir='ltr'>ln</span> <span class='ocrx_word' id='word_1_199' title='bbox 173 1535 313 1570; x_wconf 90' lang='lat' dir='ltr'>quorum</span> <span class='ocrx_word' id='word_1_200' title='bbox 333 1527 559 1558; x_wconf 88' lang='lat' dir='ltr'>testimonium</span> <span class='ocrx_word' id='word_1_201' title='bbox 581 1523 724 1568; x_wconf 81' lang='lat' dir='ltr'>sigillum</span> <span class='ocrx_word' id='word_1_202' title='bbox 746 1528 894 1557; x_wconf 86' lang='lat' dir='ltr'>nostrum</span> <span class='ocrx_word' id='word_1_203' title='bbox 916 1522 1127 1569; x_wconf 78' lang='lat' dir='ltr'>presentibus</span> <span class='ocrx_word' id='word_1_204' title='bbox 1157 1526 1207 1556; x_wconf 85' lang='lat' dir='ltr'>est</span> <span class='ocrx_word' id='word_1_205' title='bbox 1227 1532 1410 1567; x_wconf 86' lang='lat' dir='ltr'>appensum</span> <span class='ocrx_word' id='word_1_206' title='bbox 1432 1523 1623 1554; x_wconf 89' lang='lat' dir='ltr'>testimonio</span> <span class='ocrx_word' id='word_1_207' title='bbox 1645 1519 1825 1553; x_wconf 85' lang='lat' dir='ltr'>literarum.</span> <span class='ocrx_word' id='word_1_208' title='bbox 1856 1519 1977 1553; x_wconf 92' lang='lat' dir='ltr'>Datum</span> 
     </span>
     <span class='ocr_line' id='line_1_21' title="bbox 107 1581 1979 1628; baseline -0.003 -9"><span class='ocrx_word' id='word_1_209' title='bbox 107 1584 280 1619; x_wconf 86' lang='lat' dir='ltr'>Chremsir</span> <span class='ocrx_word' id='word_1_210' title='bbox 308 1596 395 1619; x_wconf 85' lang='lat' dir='ltr'>anno</span> <span class='ocrx_word' id='word_1_211' title='bbox 426 1585 549 1618; x_wconf 91' lang='lat' dir='ltr'>domini</span> <span class='ocrx_word' id='word_1_212' title='bbox 578 1584 754 1618; x_wconf 87' lang='lat' dir='ltr'>millesimo</span> <span class='ocrx_word' id='word_1_213' title='bbox 785 1587 1020 1618; x_wconf 86' lang='lat' dir='ltr'>trecentesimo</span> <span class='ocrx_word' id='word_1_214' title='bbox 1050 1586 1271 1627; x_wconf 67' lang='lat' dir='ltr'>nonagesimo</span> <span class='ocrx_word' id='word_1_215' title='bbox 1303 1587 1420 1628; x_wconf 87' lang='lat' dir='ltr'>quarto</span> <span class='ocrx_word' id='word_1_216' title='bbox 1450 1582 1532 1615; x_wconf 86' lang='lat' dir='ltr'>feria</span> <span class='ocrx_word' id='word_1_217' title='bbox 1563 1581 1708 1615; x_wconf 86' lang='lat' dir='ltr'>secunda</span> <span class='ocrx_word' id='word_1_218' title='bbox 1731 1584 1883 1627; x_wconf 83' lang='lat' dir='ltr'>proxima</span> <span class='ocrx_word' id='word_1_219' title='bbox 1906 1586 1979 1627; x_wconf 88' lang='lat' dir='ltr'>post</span> 
     </span>
    </p>
   </div>
   <div class='ocr_carea' id='block_1_8' title="bbox 109 1644 1042 1691">
    <p class='ocr_par' dir='ltr' id='par_1_8' title="bbox 109 1644 1042 1691">
     <span class='ocr_line' id='line_1_22' title="bbox 109 1644 1042 1691; baseline -0.003 -11"><span class='ocrx_word' id='word_1_220' title='bbox 109 1645 433 1691; x_wconf 56' lang='lat' dir='ltr'>Quasimodogenith</span> <span class='ocrx_word' id='word_1_221' title='bbox 463 1657 527 1691; x_wconf 87' lang='lat' dir='ltr'>que</span> <span class='ocrx_word' id='word_1_222' title='bbox 555 1645 613 1679; x_wconf 83' lang='lat' dir='ltr'>fuit</span> <span class='ocrx_word' id='word_1_223' title='bbox 643 1645 773 1679; x_wconf 88' lang='lat' dir='ltr'>XXVII</span> <span class='ocrx_word' id='word_1_224' title='bbox 803 1645 874 1678; x_wconf 88' lang='lat' dir='ltr'>dies</span> <span class='ocrx_word' id='word_1_225' title='bbox 904 1644 1042 1690; x_wconf 89' lang='lat' dir='ltr'>Aprilis.</span> 
     </span>
    </p>
   </div>
   <div class='ocr_carea' id='block_1_9' title="bbox 421 1749 1181 1786">
    <p class='ocr_par' dir='ltr' id='par_1_9' title="bbox 421 1749 1181 1786">
     <span class='ocr_line' id='line_1_23' title="bbox 421 1749 1181 1786; baseline -0.001 -9"><span class='ocrx_word' id='word_1_226' title='bbox 421 1750 512 1786; x_wconf 76' lang='lat' dir='ltr'>(Ox-ig.</span> <span class='ocrx_word' id='word_1_227' title='bbox 533 1751 616 1785; x_wconf 88' lang='lat' dir='ltr'>Perg.</span> <span class='ocrx_word' id='word_1_228' title='bbox 642 1751 669 1778; x_wconf 94' lang='lat' dir='ltr'>h.</span> <span class='ocrx_word' id='word_1_229' title='bbox 695 1750 753 1785; x_wconf 87' lang='lat' dir='ltr'>Sig.</span> <span class='ocrx_word' id='word_1_230' title='bbox 779 1751 814 1776; x_wconf 84' lang='lat' dir='ltr'>im</span> <span class='ocrx_word' id='word_1_231' title='bbox 841 1750 913 1777; x_wconf 88' lang='lat' dir='ltr'>Olm.</span> <span class='ocrx_word' id='word_1_232' title='bbox 941 1749 1181 1783; x_wconf 53' lang='lat' dir='ltr'>Cap-Archive.)</span> 
     </span>
    </p>
   </div>
   <div class='ocr_carea' id='block_1_10' title="bbox 992 1895 1094 1930">
    <p class='ocr_par' dir='ltr' id='par_1_10' title="bbox 992 1895 1094 1930">
     <span class='ocr_line' id='line_1_24' title="bbox 992 1895 1094 1930; baseline 0 -1"><span class='ocrx_word' id='word_1_233' title='bbox 992 1895 1094 1930; x_wconf 76' lang='lat'>191.</span> 
     </span>
    </p>
   </div>
   <div class='ocr_carea' id='block_1_11' title="bbox 110 1970 1979 2140">
    <p class='ocr_par' dir='ltr' id='par_1_11' title="bbox 110 1970 1979 2140">
     <span class='ocr_line' id='line_1_25' title="bbox 112 1970 1976 2020; baseline -0.003 -12"><span class='ocrx_word' id='word_1_234' title='bbox 112 1974 216 2009; x_wconf 77' lang='lat' dir='ltr'>Pabst</span> <span class='ocrx_word' id='word_1_235' title='bbox 236 1974 388 2019; x_wconf 74' lang='lat' dir='ltr'>Bonisaz·</span> <span class='ocrx_word' id='word_1_236' title='bbox 408 1974 473 2009; x_wconf 92' lang='lat' dir='ltr'>IX.</span> <span class='ocrx_word' id='word_1_237' title='bbox 501 1974 638 2020; x_wconf 75' lang='lat' dir='ltr'>befielzll</span> <span class='ocrx_word' id='word_1_238' title='bbox 658 1975 731 2008; x_wconf 81' lang='lat' dir='ltr'>dem</span> <span class='ocrx_word' id='word_1_239' title='bbox 753 1974 844 2008; x_wconf 75' lang='lat' dir='ltr'>Abte</span> <span class='ocrx_word' id='word_1_240' title='bbox 865 1974 923 2007; x_wconf 68' lang='lat' dir='ltr'>(les</span> <span class='ocrx_word' id='word_1_241' title='bbox 944 1972 1260 2007; x_wconf 66' lang='lat' dir='ltr'>Schottmelflosters</span> <span class='ocrx_word' id='word_1_242' title='bbox 1282 1974 1314 2005; x_wconf 82' lang='grc' dir='ltr'><em>ιή</em></span> <span class='ocrx_word' id='word_1_243' title='bbox 1344 1971 1455 2011; x_wconf 68' lang='lat' dir='ltr'>VVz&#39;en,</span> <span class='ocrx_word' id='word_1_244' title='bbox 1477 1973 1551 2005; x_wconf 79' lang='lat' dir='ltr'>dem</span> <span class='ocrx_word' id='word_1_245' title='bbox 1572 1971 1663 2005; x_wconf 82' lang='lat' dir='ltr'>Abte</span> <span class='ocrx_word' id='word_1_246' title='bbox 1685 1983 1724 2004; x_wconf 73' lang='lat' dir='ltr'>:n</span> <span class='ocrx_word' id='word_1_247' title='bbox 1746 1970 1798 2005; x_wconf 78' lang='lat' dir='ltr'>St.</span> <span class='ocrx_word' id='word_1_248' title='bbox 1831 1970 1976 2004; x_wconf 47' lang='lat' dir='ltr'>linc-enz-</span> 
     </span>
     <span class='ocr_line' id='line_1_26' title="bbox 110 2031 1979 2076; baseline -0.003 -7"><span class='ocrx_word' id='word_1_249' title='bbox 110 2037 142 2069; x_wconf 78' lang='lat' dir='ltr'>in</span> <span class='ocrx_word' id='word_1_250' title='bbox 172 2035 325 2069; x_wconf 85' lang='lat' dir='ltr'>Breslau</span> <span class='ocrx_word' id='word_1_251' title='bbox 354 2036 422 2070; x_wconf 76' lang='lat' dir='ltr'>und</span> <span class='ocrx_word' id='word_1_252' title='bbox 449 2036 523 2069; x_wconf 84' lang='lat' dir='ltr'>dem</span> <span class='ocrx_word' id='word_1_253' title='bbox 553 2035 698 2069; x_wconf 82' lang='lat' dir='ltr'>Probste</span> <span class='ocrx_word' id='word_1_254' title='bbox 728 2047 768 2069; x_wconf 75' lang='lat' dir='ltr'>zu</span> <span class='ocrx_word' id='word_1_255' title='bbox 798 2035 849 2069; x_wconf 86' lang='lat' dir='ltr'>St.</span> <span class='ocrx_word' id='word_1_256' title='bbox 881 2034 1050 2067; x_wconf 64' lang='lat' dir='ltr'>Nili-olaus</span> <span class='ocrx_word' id='word_1_257' title='bbox 1081 2036 1112 2066; x_wconf 75' lang='grc' dir='ltr'>ῖη</span> <span class='ocrx_word' id='word_1_258' title='bbox 1144 2033 1280 2066; x_wconf 72' lang='lat' dir='ltr'>Passaa</span> <span class='ocrx_word' id='word_1_259' title='bbox 1309 2033 1364 2066; x_wconf 74' lang='lat' dir='ltr'>die</span> <span class='ocrx_word' id='word_1_260' title='bbox 1397 2033 1571 2066; x_wconf 67' lang='lat' dir='ltr'>Olmutzer</span> <span class='ocrx_word' id='word_1_261' title='bbox 1600 2031 1731 2066; x_wconf 73' lang='lat' dir='ltr'>Kirclee</span> <span class='ocrx_word' id='word_1_262' title='bbox 1758 2043 1866 2076; x_wconf 71' lang='lat' dir='ltr'>qeqen</span> <span class='ocrx_word' id='word_1_263' title='bbox 1908 2032 1979 2065; x_wconf 81' lang='lat' dir='ltr'>alle</span> 
     </span>
     <span class='ocr_line' id='line_1_27' title="bbox 517 2093 1562 2140; baseline -0.003 -10"><span class='ocrx_word' id='word_1_264' title='bbox 517 2095 713 2140; x_wconf 59' lang='lat' dir='ltr'>Schediqer</span> <span class='ocrx_word' id='word_1_265' title='bbox 742 2108 782 2130; x_wconf 74' lang='lat' dir='ltr'>zu</span> <span class='ocrx_word' id='word_1_266' title='bbox 811 2096 983 2129; x_wconf 67' lang='lat' dir='ltr'>schulzen.</span> <span class='ocrx_word' id='word_1_267' title='bbox 1018 2094 1074 2128; x_wconf 86' lang='lat' dir='ltr'>Dt.</span> <span class='ocrx_word' id='word_1_268' title='bbox 1109 2094 1196 2128; x_wconf 80' lang='lat' dir='ltr'>Rom</span> <span class='ocrx_word' id='word_1_269' title='bbox 1225 2093 1284 2128; x_wconf 83' lang='lat'>30.</span> <span class='ocrx_word' id='word_1_270' title='bbox 1318 2094 1423 2139; x_wconf 69' lang='lat' dir='ltr'>April</span> <span class='ocrx_word' id='word_1_271' title='bbox 1452 2093 1562 2127; x_wconf 71' lang='lat'><em>1394.</em></span> 
     </span>
    </p>
   </div>
   <div class='ocr_carea' id='block_1_12' title="bbox 107 2173 1977 2662">
    <p class='ocr_par' dir='ltr' id='par_1_12' title="bbox 107 2173 1977 2662">
     <span class='ocr_line' id='line_1_28' title="bbox 266 2173 1977 2239; baseline -0.003 -12"><span class='ocrx_word' id='word_1_272' title='bbox 266 2173 479 2227; x_wconf 79' lang='lat' dir='ltr'>Bonifacius</span> <span class='ocrx_word' id='word_1_273' title='bbox 508 2196 685 2239; x_wconf 87' lang='lat' dir='ltr'>episcopus</span> <span class='ocrx_word' id='word_1_274' title='bbox 714 2204 835 2227; x_wconf 85' lang='lat' dir='ltr'>servus</span> <span class='ocrx_word' id='word_1_275' title='bbox 864 2202 1040 2225; x_wconf 86' lang='lat' dir='ltr'>servorum</span> <span class='ocrx_word' id='word_1_276' title='bbox 1073 2191 1124 2224; x_wconf 86' lang='lat' dir='ltr'>dei</span> <span class='ocrx_word' id='word_1_277' title='bbox 1155 2190 1283 2224; x_wconf 84' lang='lat' dir='ltr'>dilectis</span> <span class='ocrx_word' id='word_1_278' title='bbox 1312 2190 1384 2224; x_wconf 86' lang='lat' dir='ltr'>siliis</span> <span class='ocrx_word' id='word_1_279' title='bbox 1416 2217 1422 2224; x_wconf 86' lang='lat'><strong>.</strong></span> <span class='ocrx_word' id='word_1_280' title='bbox 1454 2217 1460 2223; x_wconf 93' lang='lat'><strong>.</strong></span> <span class='ocrx_word' id='word_1_281' title='bbox 1492 2193 1596 2224; x_wconf 86' lang='lat' dir='ltr'>sancti</span> <span class='ocrx_word' id='word_1_282' title='bbox 1634 2189 1809 2224; x_wconf 88' lang='lat' dir='ltr'>Vincencii</span> <span class='ocrx_word' id='word_1_283' title='bbox 1842 2189 1977 2222; x_wconf 90' lang='lat' dir='ltr'>Wrati-</span> 
     </span>
     <span class='ocr_line' id='line_1_29' title="bbox 108 2250 1975 2296; baseline -0.003 -9"><span class='ocrx_word' id='word_1_284' title='bbox 108 2254 286 2288; x_wconf 87' lang='lat' dir='ltr'>slaviensis</span> <span class='ocrx_word' id='word_1_285' title='bbox 315 2259 347 2287; x_wconf 90' lang='lat' dir='ltr'>et</span> <span class='ocrx_word' id='word_1_286' title='bbox 377 2281 383 2287; x_wconf 92' lang='lat'><em>.</em></span> <span class='ocrx_word' id='word_1_287' title='bbox 416 2280 422 2287; x_wconf 96' lang='lat'><strong><em>.</em></strong></span> <span class='ocrx_word' id='word_1_288' title='bbox 453 2253 631 2288; x_wconf 89' lang='lat' dir='ltr'>Scotorum</span> <span class='ocrx_word' id='word_1_289' title='bbox 662 2257 694 2288; x_wconf 92' lang='lat' dir='ltr'>in</span> <span class='ocrx_word' id='word_1_290' title='bbox 731 2254 879 2287; x_wconf 54' lang='lat' dir='ltr'>XVienna</span> <span class='ocrx_word' id='word_1_291' title='bbox 912 2253 1117 2286; x_wconf 77' lang='lat' dir='ltr'>Pataviensis</span> <span class='ocrx_word' id='word_1_292' title='bbox 1149 2252 1292 2285; x_wconf 86' lang='lat' dir='ltr'>diocesis</span> <span class='ocrx_word' id='word_1_293' title='bbox 1322 2250 1496 2285; x_wconf 88' lang='lat' dir='ltr'>abbatibus</span> <span class='ocrx_word' id='word_1_294' title='bbox 1525 2262 1564 2284; x_wconf 89' lang='lat' dir='ltr'>ac</span> <span class='ocrx_word' id='word_1_295' title='bbox 1594 2278 1600 2284; x_wconf 89' lang='lat'>.</span> <span class='ocrx_word' id='word_1_296' title='bbox 1633 2278 1639 2284; x_wconf 93' lang='lat'><strong><em>.</em></strong></span> <span class='ocrx_word' id='word_1_297' title='bbox 1671 2252 1840 2296; x_wconf 88' lang='lat' dir='ltr'>preposito</span> <span class='ocrx_word' id='word_1_298' title='bbox 1870 2252 1975 2282; x_wconf 79' lang='lat' dir='ltr'>sancti</span> 
     </span>
     <span class='ocr_line' id='line_1_30' title="bbox 108 2310 1974 2360; baseline -0.003 -13"><span class='ocrx_word' id='word_1_299' title='bbox 108 2313 235 2347; x_wconf 83' lang='lat' dir='ltr'>Nicolai</span> <span class='ocrx_word' id='word_1_300' title='bbox 273 2319 368 2348; x_wconf 85' lang='lat' dir='ltr'>extra</span> <span class='ocrx_word' id='word_1_301' title='bbox 407 2326 520 2348; x_wconf 87' lang='lat' dir='ltr'>muros</span> <span class='ocrx_word' id='word_1_302' title='bbox 559 2314 766 2348; x_wconf 73' lang='lat' dir='ltr'>pataviensis</span> <span class='ocrx_word' id='word_1_303' title='bbox 803 2326 862 2360; x_wconf 89' lang='lat' dir='ltr'>per</span> <span class='ocrx_word' id='word_1_304' title='bbox 900 2316 1104 2359; x_wconf 76' lang='lat' dir='ltr'>prepositum</span> <span class='ocrx_word' id='word_1_305' title='bbox 1135 2312 1220 2345; x_wconf 87' lang='lat' dir='ltr'>soliti</span> <span class='ocrx_word' id='word_1_306' title='bbox 1250 2311 1431 2348; x_wconf 61' lang='lat' dir='ltr'>cubet-nari</span> <span class='ocrx_word' id='word_1_307' title='bbox 1463 2314 1741 2345; x_wconf 79' lang='lat' dir='ltr'>monasteriorum</span> <span class='ocrx_word' id='word_1_308' title='bbox 1773 2310 1911 2343; x_wconf 85' lang='lat' dir='ltr'>salutem</span> <span class='ocrx_word' id='word_1_309' title='bbox 1945 2313 1974 2341; x_wconf 86' lang='lat' dir='ltr'>et</span> 
     </span>
     <span class='ocr_line' id='line_1_31' title="bbox 107 2370 1975 2421; baseline -0.004 -13"><span class='ocrx_word' id='word_1_310' title='bbox 107 2375 322 2421; x_wconf 86' lang='lat' dir='ltr'>apostolicam</span> <span class='ocrx_word' id='word_1_311' title='bbox 362 2374 649 2409; x_wconf 81' lang='lat' dir='ltr'>benediccionem.</span> <span class='ocrx_word' id='word_1_312' title='bbox 706 2374 856 2409; x_wconf 87' lang='lat' dir='ltr'>Militanti</span> <span class='ocrx_word' id='word_1_313' title='bbox 896 2375 1039 2407; x_wconf 85' lang='lat' dir='ltr'>ecclesie</span> <span class='ocrx_word' id='word_1_314' title='bbox 1078 2374 1151 2407; x_wconf 80' lang='lat' dir='ltr'>lieet</span> <span class='ocrx_word' id='word_1_315' title='bbox 1188 2375 1342 2406; x_wconf 90' lang='lat' dir='ltr'>immeriti</span> <span class='ocrx_word' id='word_1_316' title='bbox 1372 2372 1570 2418; x_wconf 84' lang='lat' dir='ltr'>disponente</span> <span class='ocrx_word' id='word_1_317' title='bbox 1601 2372 1734 2405; x_wconf 87' lang='lat' dir='ltr'>domiuo</span> <span class='ocrx_word' id='word_1_318' title='bbox 1765 2370 1975 2416; x_wconf 85' lang='lat' dir='ltr'>presidentes</span> 
     </span>
     <span class='ocr_line' id='line_1_32' title="bbox 107 2431 1972 2469; baseline -0.004 0"><span class='ocrx_word' id='word_1_319' title='bbox 107 2439 196 2469; x_wconf 88' lang='lat' dir='ltr'>circa</span> <span class='ocrx_word' id='word_1_320' title='bbox 240 2447 352 2469; x_wconf 91' lang='lat' dir='ltr'>curam</span> <span class='ocrx_word' id='word_1_321' title='bbox 392 2436 609 2469; x_wconf 84' lang='lat' dir='ltr'>eeclesiarum</span> <span class='ocrx_word' id='word_1_322' title='bbox 649 2440 678 2468; x_wconf 90' lang='lat' dir='ltr'>et</span> <span class='ocrx_word' id='word_1_323' title='bbox 718 2438 995 2469; x_wconf 81' lang='lat' dir='ltr'>monasteriorum</span> <span class='ocrx_word' id='word_1_324' title='bbox 1036 2437 1180 2467; x_wconf 89' lang='lat' dir='ltr'>omnium</span> <span class='ocrx_word' id='word_1_325' title='bbox 1212 2433 1353 2466; x_wconf 82' lang='lat' dir='ltr'>solercia</span> <span class='ocrx_word' id='word_1_326' title='bbox 1384 2433 1554 2466; x_wconf 87' lang='lat' dir='ltr'>reddimur</span> <span class='ocrx_word' id='word_1_327' title='bbox 1584 2432 1752 2466; x_wconf 78' lang='lat' dir='ltr'>indefessa</span> <span class='ocrx_word' id='word_1_328' title='bbox 1783 2431 1913 2464; x_wconf 74' lang='lat' dir='ltr'>soliciti.</span> <span class='ocrx_word' id='word_1_329' title='bbox 1945 2434 1972 2462; x_wconf 89' lang='lat' dir='ltr'>ut</span> 
     </span>
     <span class='ocr_line' id='line_1_33' title="bbox 108 2493 1976 2542; baseline -0.004 -12"><span class='ocrx_word' id='word_1_330' title='bbox 108 2499 197 2530; x_wconf 85' lang='lat' dir='ltr'>iuxta</span> <span class='ocrx_word' id='word_1_331' title='bbox 220 2495 364 2529; x_wconf 90' lang='lat' dir='ltr'>debitum</span> <span class='ocrx_word' id='word_1_332' title='bbox 386 2496 560 2542; x_wconf 84' lang='lat' dir='ltr'>pastoralis</span> <span class='ocrx_word' id='word_1_333' title='bbox 590 2496 686 2530; x_wconf 78' lang='lat' dir='ltr'>officii</span> <span class='ocrx_word' id='word_1_334' title='bbox 717 2508 832 2529; x_wconf 89' lang='lat' dir='ltr'>eorum</span> <span class='ocrx_word' id='word_1_335' title='bbox 863 2506 1079 2529; x_wconf 79' lang='lat' dir='ltr'>occurramus</span> <span class='ocrx_word' id='word_1_336' title='bbox 1111 2494 1292 2540; x_wconf 71' lang='lat' dir='ltr'>dispendiis</span> <span class='ocrx_word' id='word_1_337' title='bbox 1322 2498 1351 2527; x_wconf 92' lang='lat' dir='ltr'>et</span> <span class='ocrx_word' id='word_1_338' title='bbox 1381 2493 1597 2539; x_wconf 79' lang='lat' dir='ltr'>profectibus.</span> <span class='ocrx_word' id='word_1_339' title='bbox 1630 2494 1740 2526; x_wconf 77' lang='lat' dir='ltr'>diviua</span> <span class='ocrx_word' id='word_1_340' title='bbox 1771 2495 1976 2537; x_wconf 85' lang='lat' dir='ltr'>cooperante</span> 
     </span>
     <span class='ocr_line' id='line_1_34' title="bbox 107 2552 1976 2599; baseline -0.004 -9"><span class='ocrx_word' id='word_1_341' title='bbox 107 2556 288 2590; x_wconf 86' lang='lat' dir='ltr'>clemencia</span> <span class='ocrx_word' id='word_1_342' title='bbox 328 2556 505 2589; x_wconf 89' lang='lat' dir='ltr'>salubriter</span> <span class='ocrx_word' id='word_1_343' title='bbox 543 2556 765 2590; x_wconf 84' lang='lat' dir='ltr'>intendamus.</span> <span class='ocrx_word' id='word_1_344' title='bbox 823 2556 913 2589; x_wconf 85' lang='lat' dir='ltr'>Sane</span> <span class='ocrx_word' id='word_1_345' title='bbox 953 2556 1148 2589; x_wconf 84' lang='lat' dir='ltr'>dilectorum</span> <span class='ocrx_word' id='word_1_346' title='bbox 1186 2555 1326 2588; x_wconf 86' lang='lat' dir='ltr'>filiorum</span> <span class='ocrx_word' id='word_1_347' title='bbox 1361 2582 1366 2587; x_wconf 95' lang='lat'>.</span> <span class='ocrx_word' id='word_1_348' title='bbox 1401 2583 1406 2588; x_wconf 88' lang='lat'>.</span> <span class='ocrx_word' id='word_1_349' title='bbox 1439 2555 1555 2588; x_wconf 81' lang='lat' dir='ltr'>decani</span> <span class='ocrx_word' id='word_1_350' title='bbox 1594 2559 1622 2587; x_wconf 88' lang='lat' dir='ltr'>et</span> <span class='ocrx_word' id='word_1_351' title='bbox 1664 2553 1795 2599; x_wconf 82' lang='lat' dir='ltr'>capituli</span> <span class='ocrx_word' id='word_1_352' title='bbox 1832 2552 1976 2585; x_wconf 87' lang='lat' dir='ltr'>ecclesie</span> 
     </span>
     <span class='ocr_line' id='line_1_35' title="bbox 107 2613 1973 2662; baseline -0.004 -11"><span class='ocrx_word' id='word_1_353' title='bbox 107 2616 341 2651; x_wconf 83' lang='lat' dir='ltr'>Olomucensis</span> <span class='ocrx_word' id='word_1_354' title='bbox 359 2619 601 2661; x_wconf 88' lang='lat' dir='ltr'>conquestione</span> <span class='ocrx_word' id='word_1_355' title='bbox 631 2619 853 2662; x_wconf 68' lang='lat' dir='ltr'>pereipimus.</span> <span class='ocrx_word' id='word_1_356' title='bbox 884 2617 970 2662; x_wconf 82' lang='lat' dir='ltr'>quod</span> <span class='ocrx_word' id='word_1_357' title='bbox 998 2617 1145 2649; x_wconf 87' lang='lat' dir='ltr'>nonnulli</span> <span class='ocrx_word' id='word_1_358' title='bbox 1167 2613 1422 2661; x_wconf 74' lang='lat' dir='ltr'>archiepiscopi.</span> <span class='ocrx_word' id='word_1_359' title='bbox 1445 2618 1592 2661; x_wconf 76' lang='lat' dir='ltr'>episcopi</span> <span class='ocrx_word' id='word_1_360' title='bbox 1615 2615 1734 2659; x_wconf 85' lang='lat' dir='ltr'>aliique</span> <span class='ocrx_word' id='word_1_361' title='bbox 1755 2613 1973 2646; x_wconf 82' lang='lat' dir='ltr'>eeclesiarum</span> 
     </span>
    </p>
   </div>
   <div class='ocr_carea' id='block_1_13' title="bbox 106 2674 1973 2760">
    <p class='ocr_par' dir='ltr' id='par_1_13' title="bbox 106 2674 1973 2760">
     <span class='ocr_line' id='line_1_36' title="bbox 106 2674 1973 2723; baseline -0.003 -13"><span class='ocrx_word' id='word_1_362' title='bbox 106 2677 222 2723; x_wconf 80' lang='lat' dir='ltr'>prelati</span> <span class='ocrx_word' id='word_1_363' title='bbox 252 2681 281 2710; x_wconf 90' lang='lat' dir='ltr'>et</span> <span class='ocrx_word' id='word_1_364' title='bbox 312 2677 423 2710; x_wconf 85' lang='lat' dir='ltr'>clerici</span> <span class='ocrx_word' id='word_1_365' title='bbox 455 2688 492 2709; x_wconf 85' lang='lat' dir='ltr'>ac</span> <span class='ocrx_word' id='word_1_366' title='bbox 523 2676 752 2710; x_wconf 87' lang='lat' dir='ltr'>ecclesiastice</span> <span class='ocrx_word' id='word_1_367' title='bbox 781 2688 926 2722; x_wconf 82' lang='lat' dir='ltr'>persone</span> <span class='ocrx_word' id='word_1_368' title='bbox 956 2682 1020 2710; x_wconf 89' lang='lat' dir='ltr'>tam</span> <span class='ocrx_word' id='word_1_369' title='bbox 1051 2677 1208 2712; x_wconf 54' lang='lat' dir='ltr'>religiose</span> <span class='ocrx_word' id='word_1_370' title='bbox 1239 2687 1335 2720; x_wconf 89' lang='lat' dir='ltr'>quam</span> <span class='ocrx_word' id='word_1_371' title='bbox 1366 2676 1536 2709; x_wconf 85' lang='lat' dir='ltr'>seculares</span> <span class='ocrx_word' id='word_1_372' title='bbox 1566 2686 1696 2709; x_wconf 83' lang='lat' dir='ltr'>neeuou</span> <span class='ocrx_word' id='word_1_373' title='bbox 1729 2674 1841 2716; x_wconf 64' lang='lat' dir='ltr'>ducis</span> <span class='ocrx_word' id='word_1_374' title='bbox 1878 2684 1973 2705; x_wconf 84' lang='lat' dir='ltr'>niar-</span> 
     </span>
     <span class='ocr_line' id='line_1_37' title="bbox 1789 2735 1826 2760; baseline 0.027 -1"><span class='ocrx_word' id='word_1_375' title='bbox 1789 2735 1826 2760; x_wconf 70' lang='lat'>24</span> 
     </span>
    </p>
   </div>
  </div>
 </body>
</html>
