2313 3090
1198 184 1272 218 272

302 295 333 323 et
358 291 632 334 jurisdiccionem
663 295 809 324 nostram
840 289 1007 334 predictas
1037 293 1069 322 et
1098 289 1138 322 ad
1168 288 1417 334 procedendum
1449 293 1481 322 et
1509 289 1645 335 procedi
1675 288 1856 323 videndum
1895 291 1927 322 in
1965 293 2032 323 tota
2070 299 2170 323 causa

302 354 498 386 successive
527 363 631 396 usque
661 352 699 384 ad
731 353 935 385 sentenciam
968 350 1141 383 inclusive.
1172 348 1243 383 Nos
1272 353 1383 394 itaque
1411 349 1584 383 Johannes
1614 349 1654 383 de
1676 349 1806 383 Ghulen
1833 349 2050 394 apostolicum
2071 361 2172 384 man-

303 413 412 446 datum
443 413 626 458 predictum
645 416 742 457 prout
771 410 944 444 debuimus
974 413 1097 456 exequi
1128 413 1313 456 cupientes3
1343 410 1492 456 prefatos
1522 410 1830 444 commendatorem
1861 415 1894 445 et
1914 410 2035 445 fratres
2055 411 2173 445 domus
2217 433 2219 437 -

303 474 451 520 predicte
481 473 629 507 citandos
670 473 884 505 decrevimus
914 476 946 505 et
980 484 1040 518 per
1073 477 1183 506 certas
1212 476 1346 505 nostras
1375 473 1548 505 citacionis
1578 472 1690 505 literas
1720 475 1896 505 citavimus
1926 471 1965 505 ad
1996 470 2172 505 dicendum

302 539 417 568 contra
449 535 560 567 literas
591 538 619 566 et
647 533 921 577 jurisdiccionem
953 544 992 566 ac
1022 533 1060 566 ad
1091 532 1343 579 procedendum
1376 560 1381 565 .
1416 560 1421 565 .
1454 561 1459 566 .
1494 560 1499 566 .
1539 536 1571 566 in
1600 536 1669 579 ipsa
1700 543 1800 567 causa
1831 533 1870 566 ad
1901 533 2052 578 singulos
2081 536 2173 567 actus

302 600 333 628 et
362 598 522 628 terminos
555 622 560 627 .
595 622 600 627 .
633 622 638 627 .
672 621 677 627 .
709 596 739 627 111
771 598 898 627 certum
930 594 1015 627 diem
1047 598 1079 627 et
1107 596 1368 639 peremptorium
1399 598 1656 639 competentem.
1695 593 1769 635 Quo
1799 596 1941 627 termino
1971 593 2174 627 adveniente

302 660 331 688 et
362 655 457 688 nobis
486 665 546 700 pro
578 654 730 688 tribunali
761 654 799 688 ad
827 656 901 699 jura
933 654 1106 688 reddenda
1136 657 1167 687 in
1198 654 1271 688 loco
1301 654 1398 688 solito
1428 654 1673 700 presidentibus
1704 655 1808 688 dictus
1830 654 1983 688 dominus
2004 653 2174 689 Bohdalus

302 716 461 761 plebanus
491 721 520 750 in
552 715 692 749 Kinheid
725 727 767 749 ex
797 726 874 752 11113,
901 720 933 749 01
962 718 1124 760 magister
1152 715 1324 748 Johannes
1355 715 1395 749 de
1425 714 1561 749 Colonia
1592 720 1792 761 procurator
1830 715 2113 750 commendatoris
2142 719 2175 748 et

300 777 438 810 fratrum
470 776 712 810 cruciferorum
743 776 968 822 predictorum
1000 779 1234 822 procuratorio
1264 779 1398 809 nomine
1427 781 1522 822 parte
1548 788 1592 809 ex
1612 776 1715 809 altera
1738 787 1850 809 coram
1872 775 1968 810 nobis
1989 778 2175 822 comparuit

300 842 331 870 et
370 840 531 881 magister
566 836 683 871 Petrus
719 837 759 870 de
799 837 885 870 Sacz
924 841 1125 883 procurator
1163 839 1396 883 procuratorio
1434 840 1567 870 nomine
1604 837 1737 870 discreti
1776 839 1839 870 viri
1881 836 2005 870 domini
2033 835 2174 870 Bohdali

299 897 471 943 sepedicth
502 898 543 931 de
573 901 666 931 cuius
697 898 853 931 mamiato
883 897 1091 932 sufficienter
1121 897 1306 942 constabat,
1336 900 1434 944 peciit
1466 898 1504 931 ad
1537 897 1679 931 dandum
1710 901 1742 930 et
1771 897 1999 943 recipiendum
2028 896 2172 931 libellum

300 970 358 992 seu
389 962 588 993 summarias
617 962 802 1005 peticiones
832 962 912 1005 ipsis
942 958 1090 1005 partibus
1119 962 1149 993 in
1181 970 1280 993 causa
1302 958 1490 992 huiusmodi
1511 958 1669 992 hincinde
1689 961 1865 992 terminum
1888 960 2054 1003 assignari
2077 985 2083 991 .
2107 985 2114 992 .

299 1020 334 1053 In
365 1031 429 1065 quo
461 1048 467 1054 .
500 1048 506 1054 .
541 1048 546 1054 .
579 1048 584 1054 .
617 1023 779 1065 magister
809 1020 925 1053 Petrus
955 1020 995 1054 de
1026 1020 1112 1054 Sacz
1142 1025 1341 1066 procurator
1375 1020 1497 1053 domini
1527 1019 1667 1053 Bohdali
1699 1047 1706 1053 .
1739 1047 1745 1053 .
1778 1046 1784 1053 .
1818 1046 1824 1053 .
1864 1019 1953 1053 dedit
1990 1023 2023 1053 et
2058 1018 2175 1053 obtulit

299 1082 474 1126 quemdam
514 1081 657 1115 libellum
688 1093 747 1115 seu
784 1084 984 1127 peticionem
1024 1092 1084 1127 per
1122 1084 1232 1115 onmia
1263 1084 1295 1115 in
1334 1081 1397 1114 hec
1426 1080 1550 1114 verba:
1591 1079 1710 1114 Coram
1745 1079 1843 1114 vobis
1872 1079 2058 1114 honorabili
2100 1082 2174 1114 viro

299 1143 433 1176 domino
455 1147 487 1176 et
507 1146 668 1187 magistro
688 1142 844 1176 Johanne
865 1145 958 1176 curte
980 1143 1180 1189 episcopalis
1202 1142 1437 1176 Olomucensis
1459 1140 1591 1175 officiali
1623 1169 1629 1175 .
1662 1169 1668 1174 .
1702 1169 1708 1174 .
1740 1169 1746 1174 .
1769 1145 1969 1186 procurator
1989 1145 2021 1174 et
2040 1143 2174 1174 nomine

300 1206 534 1249 procuratorio
565 1203 699 1237 discreti
729 1206 792 1237 viri
824 1203 948 1237 domini
978 1203 1117 1237 Bohdali
1147 1206 1291 1237 rectoris
1312 1202 1514 1249 parochialis
1535 1203 1679 1236 ecclesie
1700 1205 1731 1236 in
1752 1202 1909 1245 Kinheid‚
1940 1200 2175 1236 Olomucensis

301 1264 457 1305 diocesis„
488 1269 603 1298 contra
634 1270 666 1298 et
695 1265 860 1298 adversus
889 1265 1069 1310 religiosos
1098 1268 1191 1298 viros
1221 1264 1385 1298 Thomam
1416 1263 1723 1297 commendatorem
1755 1268 1788 1297 et
1809 1267 2012 1298 conventum
2034 1262 2174 1296 fratrum

300 1325 418 1359 domus
448 1325 622 1371 hospitalis
651 1329 757 1360 sancti
772 1326 935 1359 Johannis
964 1325 1225 1360 Jerosolimitani
1254 1329 1285 1359 in
1316 1326 1463 1371 Antiqua
1484 1324 1618 1358 Brunna
1650 1352 1657 1358 .
1690 1352 1696 1358 .
1730 1352 1736 1358 .
1769 1351 1775 1358 .
1807 1323 1987 1371 querulose
2006 1325 2174 1369 proponit,

300 1386 387 1431 quod
426 1386 504 1420 licet
541 1386 623 1420 alias
660 1389 732 1432 ipse
772 1387 925 1421 dominus
956 1386 1124 1420 Bohdalus
1163 1385 1204 1420 311
1243 1398 1283 1421 eo
1322 1391 1486 1432 tempore3
1525 1396 1589 1431 quo
1627 1388 1729 1432 ipsius
1759 1385 1937 1420 ecclesiam
1968 1388 2001 1419 in
2030 1383 2173 1419 Kinheid

300 1450 462 1481 canonice
501 1451 676 1481 assecutus
714 1446 833 1482 fuisset
870 1452 901 1481 et
939 1458 1000 1493 per
1029 1447 1186 1481 nonnulla
1223 1452 1374 1493 tempora
1404 1446 1543 1493 pacifice
1573 1451 1605 1480 et
1634 1449 1744 1492 quiete
1773 1446 1899 1481 fructus
1929 1451 1961 1480 et
1989 1449 2174 1492 proventus

301 1509 448 1543 decimas
477 1511 574 1554 grani
603 1511 776 1554 utriusque
804 1511 1014 1555 percepisset
1042 1512 1075 1543 in
1105 1509 1235 1549 03110111ἢ
1265 1511 1398 1542 nemine
1427 1508 1650 1554 impediente:
1681 1512 1804 1542 extunc
1825 1507 1973 1542 Thomas
1994 1517 2173 1541 commen-

301 1571 396 1604 dator
434 1575 465 1604 et
503 1574 692 1604 conventus
731 1570 870 1616 predicti
909 1570 970 1603 sibi
1009 1570 1252 1616 pretenderunt
1281 1569 1342 1603 sibi
1372 1580 1474 1615 super
1502 1568 1698 1614 quibusdam
1730 1569 1880 1612 decimis,
1920 1579 2002 1614 quas
2031 1567 2072 1602 ah
2101 1569 2173 1613 ipso

301 1631 451 1665 Bohdalo
491 1635 523 1664 et
560 1642 619 1665 sua
658 1631 802 1665 ecclesia
838 1630 1029 1665 nitebantur
1067 1636 1284 1676 extorquere.
1329 1635 1521 1665 asserentes
1557 1641 1593 1664 se
1635 1633 1666 1664 111
1710 1632 1927 1676 possessione
1969 1628 2175 1675 percipiendi

300 1691 437 1737 pacifica
469 1692 650 1726 earundem
682 1692 798 1728 fuisse.
837 1693 877 1726 ad
917 1695 1129 1738 presenciam
1168 1691 1373 1726 honorabilis
1403 1694 1464 1725 viri
1497 1691 1620 1725 domini
1649 1690 1793 1725 Jaroslai
1823 1690 1952 1725 abbatis
1983 1691 2176 1724 monasterii

301 1757 417 1787 sancte.
446 1753 553 1787 Marie
583 1756 614 1787 in
644 1753 880 1787 Zabirdowicz
911 1764 1014 1799 prope
1045 1753 1189 1787 Brunam
1213 1755 1320 1796 citari,
1351 1755 1479 1786 moneri
1500 1763 1560 1787 seu
1581 1755 1718 1786 evocari
1740 1755 1963 1797 procurarunt
1983 1754 2176 1785 asserentes

301 1817 407 1859 ipsum
438 1825 514 1848 esse
544 1819 836 1848 conservatorem.
867 1814 908 1848 Et
938 1817 1091 1860 quamvis
1121 1817 1192 1860 ipse
1222 1814 1391 1848 Bohdalus
1421 1813 1531 1847 debito
1562 1817 1656 1846 certo
1677 1815 1869 1846 termino..
1888 1839 1921 1846 ..
1953 1822 2069 1846 coram
2089 1811 2176 1845 dicto

303 1875 422 1908 abbate
460 1875 579 1908 volens
618 1886 719 1921 super
757 1878 930 1921 premissis
969 1876 1107 1909 decimis
1146 1879 1178 1909 et
1216 1875 1287 1909 aliis
1312 1874 1444 1920 juribus
1473 1885 1533 1908 5110
1562 1874 1706 1908 ecclesie
1736 1876 1896 1919 experiri„
1932 1878 2041 1906 tamen
2072 1871 2177 1906 dictus

304 1936 407 1970 abbas
436 1941 660 1970 conservator
689 1937 728 1970 ad
760 1936 876 1971 falsam
907 1940 1075 1971 sinistram
1108 1936 1270 1970 dictorum
1302 1935 1585 1969 commendatoris
1615 1939 1646 1969 et
1679 1938 1870 1968 conventus
1899 1933 2176 1968 informacionem

305 2002 337 2031 et
366 1998 569 2031 relacionem
601 2009 643 2031 ex
682 2003 831 2044 arrupto„
870 1998 958 2032 nulla
997 2009 1099 2044 super
1137 1997 1200 2032 hiis
1230 1997 1369 2031 decimis
1407 2001 1439 2030 et
1467 1996 1582 2030 relatis
1616 1998 1817 2040 cognicione
1846 1994 2020 2041 prehabita
2053 2021 2059 2028 .
2091 2021 2098 2028 .

300 2061 386 2103 ι111115
425 2059 543 2092 ordine
581 2062 813 2104 pretermissm
856 2071 921 2093 non
961 2061 1106 2094 servatis
1144 2058 1322 2093 servandis
1354 2086 1359 2092 .
1393 2085 1398 2091 .
1431 2085 1437 2091 .
1471 2085 1476 2091 .
1517 2068 1618 2103 super
1660 2057 1798 2103 prefatis
1841 2056 1979 2090 decimis
2009 2055 2177 2089 dominum

307 2120 490 2153 Bohdalum
522 2123 659 2163 monuit,
690 2123 877 2165 requisivit„
908 2120 991 2154 fines
1021 2121 1208 2154 extendens
1238 2119 1382 2153 mandati
1413 2120 1721 2152 excommunicavit
1749 2128 1814 2150 uon
1845 2116 2048 2150 deferrendo
2078 2117 2179 2161 ipsius

308 2180 585 2227 appellacionem„
624 2181 787 2214 mandans
825 2184 854 2214 in
893 2181 1108 2226 processibus
1136 2183 1213 2214 —suis
1253 2179 1348 2213 dictis
1378 2178 1641 2213 commendatori
1685 2183 1717 2211 et
1746 2180 1928 2212 conventui
1966 2180 2179 2211 inconsuetas

307 2242 443 2275 solvere
492 2241 650 2276 decimas.
708 2241 747 2275 Et
800 2245 951 2287 quamvis
994 2245 1065 2288 ipse
1122 2241 1291 2275 Bohdalus
1339 2240 1423 2274 infra
1475 2243 1603 2273 certum
1651 2238 1795 2272 debitum
1853 2243 1996 2284 tempus,
2043 2249 2061 2271 a
2103 2238 2180 2282 jure

308 2306 478 2337 statutum.
508 2302 547 2336 ad
578 2302 693 2336 sedem
711 2302 929 2348 apostolicam
961 2314 977 2335 a
1009 2303 1104 2337 dictis
1133 2301 1388 2348 gravaminibus
1417 2300 1629 2347 appellasseh
1660 2303 1701 2333 ita
1732 2300 1818 2345 quod
1849 2311 1909 2346 per
1935 2302 2038 2346 ipsius
2059 2298 2181 2332 domini

311 2363 451 2397 Bohdali
481 2363 676 2408 legittimam
707 2363 970 2409 appellacionem
999 2364 1195 2408 jurisdiccio
1225 2365 1327 2409 ipsius
1357 2362 1484 2396 abbatis
1515 2361 1573 2395 suit
1602 2361 1710 2395 ablata
1741 2365 1772 2395 et
1801 2364 1833 2395 in
1864 2361 1961 2394 alium
2002 2359 2181 2403 transfusa⁷

311 2425 545 2459 nichilominus
574 2428 645 2470 ipse
675 2424 777 2458 abhas
807 2429 839 2458 et
869 2424 987 2470 prefati
1018 2425 1273 2459 commendator
1302 2429 1334 2458 et
1362 2426 1549 2457 conventus
1571 2425 1948 2456 exeommunicaciones
1977 2431 2079 2467 super
2107 2431 2182 2454 eum

311 2490 534 2531 procurarunt
572 2490 603 2518 et
640 2486 818 2520 ecclesiam
859 2496 950 2519 suam
989 2490 1019 2519 et
1056 2486 1117 2519 alia
1156 2486 1228 2519 loca
1263 2484 1528 2518 ecclesiasticum
1559 2485 1668 2528 posuit
1697 2482 1919 2516 interdictum.
1976 2480 2018 2515 Et
2045 2483 2182 2515 racione

313 2549 551 2592 premissorum
583 2549 832 2590 gravaminum,
864 2549 1241 2590 excomnuinicaeionis,
1271 2546 1501 2591 suspensionis
1532 2548 1564 2576 et.
1586 2543 1751 2577 interdicti
1773 2547 1805 2576 et
1833 2545 1971 2576 racione
2000 2545 2183 2588 attempta-

312 2612 419 2640 torum
470 2610 539 2652 ipse
578 2606 747 2641 Bohdalus
793 2606 1046 2653 dampnificatus
1091 2610 1202 2641 existit
1247 2610 1279 2641 in
1318 2604 1401 2640 CCC
1438 2604 1584 2638 florenos
1623 2606 1695 2650 puri
1738 2606 1809 2637 auri
1854 2602 1971 2648 legalis
2013 2601 2182 2648 ponderis,

313 2667 459 2701 exclusis
489 2667 560 2701 aliis
591 2667 770 2711 laboribus7
801 2667 925 2711 fatigiis
954 2671 1096 2711 viarumw
1127 2667 1311 2714 sumptibus
1341 2671 1373 2700 et
1402 2669 1572 2712 expensis.
1614 2665 1727 2707 Quare
1756 2667 1837 2711 petit
1865 2669 2065 2710 procurator
2086 2689 2093 2696 .
2117 2688 2123 2695 .
2146 2688 2153 2695 .
