<?xml version="1.0" encoding="UTF-8"?>
<!DOCTYPE html PUBLIC "-//W3C//DTD XHTML 1.0 Transitional//EN"
    "http://www.w3.org/TR/xhtml1/DTD/xhtml1-transitional.dtd">
<html xmlns="http://www.w3.org/1999/xhtml" xml:lang="en" lang="en">
 <head>
  <title>
</title>
<meta http-equiv="Content-Type" content="text/html;charset=utf-8" />
  <meta name='ocr-system' content='tesseract 3.04.00' />
  <meta name='ocr-capabilities' content='ocr_page ocr_carea ocr_par ocr_line ocrx_word'/>
</head>
<body>
  <div class='ocr_page' id='page_1' title='image "./codexdiplomaticu12morauoft_0386.png"; bbox 0 0 2313 3090; ppageno 0'>
   <div class='ocr_carea' id='block_1_1' title="bbox 1199 186 1272 219">
    <p class='ocr_par' dir='ltr' id='par_1_1' title="bbox 1199 186 1272 219">
     <span class='ocr_line' id='line_1_1' title="bbox 1199 186 1272 219; baseline 0 -2"><span class='ocrx_word' id='word_1_1' title='bbox 1199 186 1219 219; x_wconf 74' lang='grc'><strong><em>3</em></strong></span> <span class='ocrx_word' id='word_1_2' title='bbox 1226 186 1245 218; x_wconf 82' lang='lat'><em>7</em></span> <span class='ocrx_word' id='word_1_3' title='bbox 1251 188 1272 219; x_wconf 84' lang='lat' dir='ltr'>o</span> 
     </span>
    </p>
   </div>
   <div class='ocr_carea' id='block_1_2' title="bbox 1134 238 1260 240">
    <p class='ocr_par' dir='ltr' id='par_1_2' title="bbox 1134 238 1260 240">
     <span class='ocr_line' id='line_1_2' title="bbox 1134 238 1260 240; baseline 0 0"><span class='ocrx_word' id='word_1_4' title='bbox 1134 238 1260 240; x_wconf 95' lang='lat' dir='ltr'> </span> 
     </span>
    </p>
   </div>
   <div class='ocr_carea' id='block_1_3' title="bbox 298 290 2178 2638">
    <p class='ocr_par' dir='ltr' id='par_1_3' title="bbox 298 290 2178 2638">
     <span class='ocr_line' id='line_1_3' title="bbox 301 290 2169 336; baseline -0.001 -10"><span class='ocrx_word' id='word_1_5' title='bbox 301 298 500 335; x_wconf 87' lang='lat' dir='ltr'>castrorum,</span> <span class='ocrx_word' id='word_1_6' title='bbox 534 293 696 330; x_wconf 62' lang='lat' dir='ltr'>villarum,</span> <span class='ocrx_word' id='word_1_7' title='bbox 729 297 891 325; x_wconf 87' lang='lat' dir='ltr'>terrarum</span> <span class='ocrx_word' id='word_1_8' title='bbox 915 296 945 325; x_wconf 90' lang='lat' dir='ltr'>et</span> <span class='ocrx_word' id='word_1_9' title='bbox 967 291 1107 324; x_wconf 86' lang='lat' dir='ltr'>aliorum</span> <span class='ocrx_word' id='word_1_10' title='bbox 1129 291 1291 334; x_wconf 76' lang='lat' dir='ltr'>locorum,</span> <span class='ocrx_word' id='word_1_11' title='bbox 1309 291 1599 335; x_wconf 86' lang='lat' dir='ltr'>jurisdiccionum,</span> <span class='ocrx_word' id='word_1_12' title='bbox 1617 293 1742 336; x_wconf 90' lang='lat' dir='ltr'>jurium</span> <span class='ocrx_word' id='word_1_13' title='bbox 1764 296 1795 325; x_wconf 92' lang='lat' dir='ltr'>et</span> <span class='ocrx_word' id='word_1_14' title='bbox 1817 290 1979 325; x_wconf 85' lang='lat' dir='ltr'>bonorum</span> <span class='ocrx_word' id='word_1_15' title='bbox 2002 290 2169 325; x_wconf 91' lang='lat' dir='ltr'>mobilium</span> 
     </span>
     <span class='ocr_line' id='line_1_4' title="bbox 300 352 2171 398; baseline -0.002 -10"><span class='ocrx_word' id='word_1_16' title='bbox 300 359 330 388; x_wconf 90' lang='lat' dir='ltr'>et</span> <span class='ocrx_word' id='word_1_17' title='bbox 362 354 591 387; x_wconf 85' lang='lat' dir='ltr'>immobilium.</span> <span class='ocrx_word' id='word_1_18' title='bbox 624 353 810 386; x_wconf 85' lang='lat' dir='ltr'>reddituum</span> <span class='ocrx_word' id='word_1_19' title='bbox 842 364 973 397; x_wconf 87' lang='lat' dir='ltr'>quoque</span> <span class='ocrx_word' id='word_1_20' title='bbox 1004 357 1036 385; x_wconf 89' lang='lat' dir='ltr'>et</span> <span class='ocrx_word' id='word_1_21' title='bbox 1064 356 1289 397; x_wconf 73' lang='lat' dir='ltr'>proventuum</span> <span class='ocrx_word' id='word_1_22' title='bbox 1320 357 1352 385; x_wconf 90' lang='lat' dir='ltr'>et</span> <span class='ocrx_word' id='word_1_23' title='bbox 1380 353 1521 386; x_wconf 87' lang='lat' dir='ltr'>aliorum</span> <span class='ocrx_word' id='word_1_24' title='bbox 1543 364 1819 398; x_wconf 87' lang='lat' dir='ltr'>quorumcunque</span> <span class='ocrx_word' id='word_1_25' title='bbox 1840 352 2015 395; x_wconf 86' lang='lat' dir='ltr'>bonorum,</span> <span class='ocrx_word' id='word_1_26' title='bbox 2039 362 2171 386; x_wconf 83' lang='lat' dir='ltr'>necnon</span> 
     </span>
     <span class='ocr_line' id='line_1_5' title="bbox 301 412 2171 460; baseline -0.001 -12"><span class='ocrx_word' id='word_1_27' title='bbox 301 415 340 448; x_wconf 89' lang='lat' dir='ltr'>de</span> <span class='ocrx_word' id='word_1_28' title='bbox 378 414 576 460; x_wconf 85' lang='lat' dir='ltr'>quibuslibet</span> <span class='ocrx_word' id='word_1_29' title='bbox 616 414 786 447; x_wconf 68' lang='lat' dir='ltr'>molestiis.</span> <span class='ocrx_word' id='word_1_30' title='bbox 828 415 954 457; x_wconf 85' lang='lat' dir='ltr'>injuriis</span> <span class='ocrx_word' id='word_1_31' title='bbox 993 417 1091 457; x_wconf 87' lang='lat' dir='ltr'>atque</span> <span class='ocrx_word' id='word_1_32' title='bbox 1130 412 1258 446; x_wconf 87' lang='lat' dir='ltr'>damnis</span> <span class='ocrx_word' id='word_1_33' title='bbox 1289 412 1499 458; x_wconf 89' lang='lat' dir='ltr'>presentibus</span> <span class='ocrx_word' id='word_1_34' title='bbox 1530 418 1561 447; x_wconf 84' lang='lat' dir='ltr'>et</span> <span class='ocrx_word' id='word_1_35' title='bbox 1591 413 1720 456; x_wconf 78' lang='lat' dir='ltr'>suturis,</span> <span class='ocrx_word' id='word_1_36' title='bbox 1752 416 1783 446; x_wconf 92' lang='lat' dir='ltr'>in</span> <span class='ocrx_word' id='word_1_37' title='bbox 1816 413 1878 446; x_wconf 91' lang='lat' dir='ltr'>illis</span> <span class='ocrx_word' id='word_1_38' title='bbox 1908 413 2077 456; x_wconf 80' lang='lat' dir='ltr'>videlicet,</span> <span class='ocrx_word' id='word_1_39' title='bbox 2107 424 2171 458; x_wconf 89' lang='lat' dir='ltr'>que</span> 
     </span>
     <span class='ocr_line' id='line_1_6' title="bbox 298 473 2172 520; baseline -0.001 -12"><span class='ocrx_word' id='word_1_40' title='bbox 298 476 488 520; x_wconf 82' lang='lat' dir='ltr'>judicialem</span> <span class='ocrx_word' id='word_1_41' title='bbox 527 478 700 520; x_wconf 77' lang='lat' dir='ltr'>requirunt</span> <span class='ocrx_word' id='word_1_42' title='bbox 739 474 941 518; x_wconf 76' lang='lat' dir='ltr'>indaginem,</span> <span class='ocrx_word' id='word_1_43' title='bbox 980 476 1161 507; x_wconf 84' lang='lat' dir='ltr'>summarie</span> <span class='ocrx_word' id='word_1_44' title='bbox 1200 474 1240 506; x_wconf 89' lang='lat' dir='ltr'>de</span> <span class='ocrx_word' id='word_1_45' title='bbox 1276 473 1372 519; x_wconf 87' lang='lat' dir='ltr'>plano</span> <span class='ocrx_word' id='word_1_46' title='bbox 1413 475 1484 508; x_wconf 85' lang='lat' dir='ltr'>sinc</span> <span class='ocrx_word' id='word_1_47' title='bbox 1520 477 1658 520; x_wconf 83' lang='lat' dir='ltr'>strepitu</span> <span class='ocrx_word' id='word_1_48' title='bbox 1689 478 1721 507; x_wconf 88' lang='lat' dir='ltr'>et</span> <span class='ocrx_word' id='word_1_49' title='bbox 1750 473 1854 519; x_wconf 77' lang='lat' dir='ltr'>figura</span> <span class='ocrx_word' id='word_1_50' title='bbox 1882 474 2010 518; x_wconf 82' lang='lat' dir='ltr'>judicii,</span> <span class='ocrx_word' id='word_1_51' title='bbox 2040 476 2071 507; x_wconf 89' lang='lat' dir='ltr'>in</span> <span class='ocrx_word' id='word_1_52' title='bbox 2101 473 2172 507; x_wconf 86' lang='lat' dir='ltr'>aliis</span> 
     </span>
     <span class='ocr_line' id='line_1_7' title="bbox 304 534 2170 581; baseline -0.001 -11"><span class='ocrx_word' id='word_1_53' title='bbox 304 547 398 576; x_wconf 83' lang='lat' dir='ltr'>vero,</span> <span class='ocrx_word' id='word_1_54' title='bbox 437 540 532 580; x_wconf 82' lang='lat' dir='ltr'>prout</span> <span class='ocrx_word' id='word_1_55' title='bbox 568 535 710 580; x_wconf 72' lang='lat' dir='ltr'>qualitas</span> <span class='ocrx_word' id='word_1_56' title='bbox 749 546 863 567; x_wconf 85' lang='lat' dir='ltr'>eorum</span> <span class='ocrx_word' id='word_1_57' title='bbox 905 537 1070 579; x_wconf 74' lang='lat' dir='ltr'>exegerit,</span> <span class='ocrx_word' id='word_1_58' title='bbox 1108 537 1237 567; x_wconf 86' lang='lat' dir='ltr'>iusticie</span> <span class='ocrx_word' id='word_1_59' title='bbox 1276 534 1557 579; x_wconf 78' lang='lat' dir='ltr'>conplementum,</span> <span class='ocrx_word' id='word_1_60' title='bbox 1597 540 1820 581; x_wconf 70' lang='lat' dir='ltr'>occupatores</span> <span class='ocrx_word' id='word_1_61' title='bbox 1863 546 1921 568; x_wconf 87' lang='lat' dir='ltr'>seu</span> <span class='ocrx_word' id='word_1_62' title='bbox 1965 534 2170 575; x_wconf 63' lang='lat' dir='ltr'>detentores„</span> 
     </span>
     <span class='ocr_line' id='line_1_8' title="bbox 304 594 2172 642; baseline 0 -13"><span class='ocrx_word' id='word_1_63' title='bbox 304 601 565 642; x_wconf 85' lang='lat' dir='ltr'>presumptores,</span> <span class='ocrx_word' id='word_1_64' title='bbox 585 596 816 629; x_wconf 83' lang='lat' dir='ltr'>molestatores</span> <span class='ocrx_word' id='word_1_65' title='bbox 834 600 865 628; x_wconf 85' lang='lat' dir='ltr'>et.</span> <span class='ocrx_word' id='word_1_66' title='bbox 881 598 1094 629; x_wconf 81' lang='lat' dir='ltr'>iniuriatores</span> <span class='ocrx_word' id='word_1_67' title='bbox 1115 595 1314 637; x_wconf 88' lang='lat' dir='ltr'>huiusmodi,</span> <span class='ocrx_word' id='word_1_68' title='bbox 1337 606 1467 629; x_wconf 78' lang='lat' dir='ltr'>necnon</span> <span class='ocrx_word' id='word_1_69' title='bbox 1488 596 1755 630; x_wconf 84' lang='lat' dir='ltr'>contradictores</span> <span class='ocrx_word' id='word_1_70' title='bbox 1777 594 1942 641; x_wconf 89' lang='lat' dir='ltr'>quoslibet</span> <span class='ocrx_word' id='word_1_71' title='bbox 1962 600 1994 629; x_wconf 83' lang='lat' dir='ltr'>et</span> <span class='ocrx_word' id='word_1_72' title='bbox 2015 594 2172 639; x_wconf 74' lang='lat' dir='ltr'>rebelles,</span> 
     </span>
     <span class='ocr_line' id='line_1_9' title="bbox 302 656 2172 702; baseline 0 -13"><span class='ocrx_word' id='word_1_73' title='bbox 302 660 528 701; x_wconf 78' lang='lat' dir='ltr'>cuiuscunque</span> <span class='ocrx_word' id='word_1_74' title='bbox 558 657 725 701; x_wconf 75' lang='lat' dir='ltr'>diguitatis</span> <span class='ocrx_word' id='word_1_75' title='bbox 756 660 858 690; x_wconf 87' lang='lat' dir='ltr'>status</span> <span class='ocrx_word' id='word_1_76' title='bbox 888 656 1014 690; x_wconf 82' lang='lat' dir='ltr'>ordinis</span> <span class='ocrx_word' id='word_1_77' title='bbox 1043 656 1098 691; x_wconf 87' lang='lat' dir='ltr'>vel</span> <span class='ocrx_word' id='word_1_78' title='bbox 1128 656 1335 690; x_wconf 65' lang='lat' dir='ltr'>condit-ionis</span> <span class='ocrx_word' id='word_1_79' title='bbox 1357 659 1538 700; x_wconf 77' lang='lat' dir='ltr'>extiterint,</span> <span class='ocrx_word' id='word_1_80' title='bbox 1561 657 1826 702; x_wconf 84' lang='lat' dir='ltr'>quamlocunque</span> <span class='ocrx_word' id='word_1_81' title='bbox 1848 660 1880 690; x_wconf 87' lang='lat' dir='ltr'>et</span> <span class='ocrx_word' id='word_1_82' title='bbox 1900 658 2172 702; x_wconf 85' lang='lat' dir='ltr'>quociescunque</span> 
     </span>
     <span class='ocr_line' id='line_1_10' title="bbox 303 715 2170 763; baseline 0 -13"><span class='ocrx_word' id='word_1_83' title='bbox 303 717 500 762; x_wconf 80' lang='lat' dir='ltr'>expedierit.</span> <span class='ocrx_word' id='word_1_84' title='bbox 531 720 729 750; x_wconf 80' lang='lat' dir='ltr'>auctoritate</span> <span class='ocrx_word' id='word_1_85' title='bbox 750 721 863 750; x_wconf 87' lang='lat' dir='ltr'>nostra</span> <span class='ocrx_word' id='word_1_86' title='bbox 887 728 946 762; x_wconf 91' lang='lat' dir='ltr'>per</span> <span class='ocrx_word' id='word_1_87' title='bbox 966 728 1143 750; x_wconf 85' lang='lat' dir='ltr'>censuram</span> <span class='ocrx_word' id='word_1_88' title='bbox 1165 717 1430 751; x_wconf 82' lang='lat' dir='ltr'>ecclesiasticam</span> <span class='ocrx_word' id='word_1_89' title='bbox 1453 718 1683 763; x_wconf 76' lang='lat' dir='ltr'>appellacione</span> <span class='ocrx_word' id='word_1_90' title='bbox 1704 720 1887 763; x_wconf 87' lang='lat' dir='ltr'>postposita</span> <span class='ocrx_word' id='word_1_91' title='bbox 1909 715 2170 763; x_wconf 87' lang='lat' dir='ltr'>compescendo,</span> 
     </span>
     <span class='ocr_line' id='line_1_11' title="bbox 304 777 2172 823; baseline 0.001 -13"><span class='ocrx_word' id='word_1_92' title='bbox 304 780 460 810; x_wconf 83' lang='lat' dir='ltr'>invocato</span> <span class='ocrx_word' id='word_1_93' title='bbox 491 777 530 810; x_wconf 89' lang='lat' dir='ltr'>ad</span> <span class='ocrx_word' id='word_1_94' title='bbox 561 777 637 815; x_wconf 75' lang='lat' dir='ltr'>boc,</span> <span class='ocrx_word' id='word_1_95' title='bbox 667 780 693 811; x_wconf 87' lang='lat' dir='ltr'>si</span> <span class='ocrx_word' id='word_1_96' title='bbox 723 788 805 823; x_wconf 91' lang='lat' dir='ltr'>opus</span> <span class='ocrx_word' id='word_1_97' title='bbox 836 777 946 820; x_wconf 86' lang='lat' dir='ltr'>fuerit,</span> <span class='ocrx_word' id='word_1_98' title='bbox 977 778 1102 811; x_wconf 72' lang='lat' dir='ltr'>auxilio</span> <span class='ocrx_word' id='word_1_99' title='bbox 1132 777 1259 811; x_wconf 86' lang='lat' dir='ltr'>brachii</span> <span class='ocrx_word' id='word_1_100' title='bbox 1289 778 1460 814; x_wconf 73' lang='lat' dir='ltr'>secularis,</span> <span class='ocrx_word' id='word_1_101' title='bbox 1489 777 1564 812; x_wconf 89' lang='lat' dir='ltr'>Non</span> <span class='ocrx_word' id='word_1_102' title='bbox 1595 778 1804 813; x_wconf 69' lang='lat' dir='ltr'>obstantibus</span> <span class='ocrx_word' id='word_1_103' title='bbox 1834 783 1897 811; x_wconf 91' lang='lat' dir='ltr'>tam</span> <span class='ocrx_word' id='word_1_104' title='bbox 1920 777 2027 812; x_wconf 89' lang='lat' dir='ltr'>felicis</span> <span class='ocrx_word' id='word_1_105' title='bbox 2048 788 2172 812; x_wconf 84' lang='lat' dir='ltr'>recor—</span> 
     </span>
     <span class='ocr_line' id='line_1_12' title="bbox 304 837 2172 884; baseline 0.001 -14"><span class='ocrx_word' id='word_1_106' title='bbox 304 838 453 871; x_wconf 85' lang='lat' dir='ltr'>dacionis</span> <span class='ocrx_word' id='word_1_107' title='bbox 483 837 647 871; x_wconf 87' lang='lat' dir='ltr'>Bonifacii</span> <span class='ocrx_word' id='word_1_108' title='bbox 684 850 768 884; x_wconf 86' lang='lat' dir='ltr'>pape</span> <span class='ocrx_word' id='word_1_109' title='bbox 798 838 875 872; x_wconf 85' lang='lat' dir='ltr'>VIII</span> <span class='ocrx_word' id='word_1_110' title='bbox 911 839 1165 884; x_wconf 70' lang='lat' dir='ltr'>predecessoris</span> <span class='ocrx_word' id='word_1_111' title='bbox 1195 841 1311 881; x_wconf 88' lang='lat' dir='ltr'>nostri,</span> <span class='ocrx_word' id='word_1_112' title='bbox 1342 842 1374 872; x_wconf 91' lang='lat' dir='ltr'>in</span> <span class='ocrx_word' id='word_1_113' title='bbox 1404 839 1521 884; x_wconf 89' lang='lat' dir='ltr'>quibus</span> <span class='ocrx_word' id='word_1_114' title='bbox 1551 844 1702 882; x_wconf 69' lang='lat' dir='ltr'>cavetur,</span> <span class='ocrx_word' id='word_1_115' title='bbox 1733 851 1774 872; x_wconf 85' lang='lat' dir='ltr'>ne</span> <span class='ocrx_word' id='word_1_116' title='bbox 1805 839 1922 884; x_wconf 79' lang='lat' dir='ltr'>aquuis</span> <span class='ocrx_word' id='word_1_117' title='bbox 1953 843 2049 872; x_wconf 86' lang='lat' dir='ltr'>extra</span> <span class='ocrx_word' id='word_1_118' title='bbox 2079 849 2172 872; x_wconf 88' lang='lat' dir='ltr'>suam</span> 
     </span>
     <span class='ocr_line' id='line_1_13' title="bbox 303 898 2172 946; baseline 0.001 -15"><span class='ocrx_word' id='word_1_119' title='bbox 303 901 471 931; x_wconf 75' lang='lat' dir='ltr'>civitatem</span> <span class='ocrx_word' id='word_1_120' title='bbox 502 903 533 931; x_wconf 90' lang='lat' dir='ltr'>et</span> <span class='ocrx_word' id='word_1_121' title='bbox 563 899 722 932; x_wconf 88' lang='lat' dir='ltr'>diocesim</span> <span class='ocrx_word' id='word_1_122' title='bbox 754 901 815 932; x_wconf 91' lang='lat' dir='ltr'>uisi</span> <span class='ocrx_word' id='word_1_123' title='bbox 846 902 875 932; x_wconf 91' lang='lat' dir='ltr'>in</span> <span class='ocrx_word' id='word_1_124' title='bbox 906 902 1006 933; x_wconf 88' lang='lat' dir='ltr'>certis</span> <span class='ocrx_word' id='word_1_125' title='bbox 1036 903 1188 946; x_wconf 76' lang='lat' dir='ltr'>exceptis</span> <span class='ocrx_word' id='word_1_126' title='bbox 1218 899 1350 933; x_wconf 84' lang='lat' dir='ltr'>casibus</span> <span class='ocrx_word' id='word_1_127' title='bbox 1381 905 1412 933; x_wconf 87' lang='lat' dir='ltr'>et</span> <span class='ocrx_word' id='word_1_128' title='bbox 1441 903 1472 934; x_wconf 90' lang='lat' dir='ltr'>iu</span> <span class='ocrx_word' id='word_1_129' title='bbox 1502 901 1563 934; x_wconf 90' lang='lat' dir='ltr'>illis</span> <span class='ocrx_word' id='word_1_130' title='bbox 1593 901 1676 934; x_wconf 88' lang='lat' dir='ltr'>ultra</span> <span class='ocrx_word' id='word_1_131' title='bbox 1708 912 1805 933; x_wconf 92' lang='lat' dir='ltr'>uuam</span> <span class='ocrx_word' id='word_1_132' title='bbox 1836 900 1958 933; x_wconf 90' lang='lat' dir='ltr'>dietam</span> <span class='ocrx_word' id='word_1_133' title='bbox 1988 911 2006 933; x_wconf 91' lang='lat' dir='ltr'>a</span> <span class='ocrx_word' id='word_1_134' title='bbox 2027 898 2091 933; x_wconf 90' lang='lat' dir='ltr'>fine</span> <span class='ocrx_word' id='word_1_135' title='bbox 2112 910 2172 933; x_wconf 87' lang='lat' dir='ltr'>sue</span> 
     </span>
     <span class='ocr_line' id='line_1_14' title="bbox 304 959 2171 1007; baseline 0.001 -16"><span class='ocrx_word' id='word_1_136' title='bbox 304 959 446 992; x_wconf 91' lang='lat' dir='ltr'>diocesis</span> <span class='ocrx_word' id='word_1_137' title='bbox 483 959 522 992; x_wconf 89' lang='lat' dir='ltr'>ad</span> <span class='ocrx_word' id='word_1_138' title='bbox 563 959 716 993; x_wconf 81' lang='lat' dir='ltr'>iudicium</span> <span class='ocrx_word' id='word_1_139' title='bbox 755 964 929 1003; x_wconf 68' lang='lat' dir='ltr'>evocetur,</span> <span class='ocrx_word' id='word_1_140' title='bbox 968 972 1027 993; x_wconf 84' lang='lat' dir='ltr'>seu</span> <span class='ocrx_word' id='word_1_141' title='bbox 1066 972 1107 994; x_wconf 87' lang='lat' dir='ltr'>ne</span> <span class='ocrx_word' id='word_1_142' title='bbox 1140 960 1273 1005; x_wconf 85' lang='lat' dir='ltr'>judices</span> <span class='ocrx_word' id='word_1_143' title='bbox 1310 965 1342 993; x_wconf 87' lang='lat' dir='ltr'>et</span> <span class='ocrx_word' id='word_1_144' title='bbox 1371 966 1644 996; x_wconf 71' lang='lat' dir='ltr'>conservatores„</span> <span class='ocrx_word' id='word_1_145' title='bbox 1675 973 1692 995; x_wconf 86' lang='lat' dir='ltr'>a</span> <span class='ocrx_word' id='word_1_146' title='bbox 1723 961 1803 995; x_wconf 86' lang='lat' dir='ltr'>sede</span> <span class='ocrx_word' id='word_1_147' title='bbox 1833 961 1980 1007; x_wconf 85' lang='lat' dir='ltr'>deputati</span> <span class='ocrx_word' id='word_1_148' title='bbox 2010 960 2171 1006; x_wconf 83' lang='lat' dir='ltr'>predicta,</span> 
     </span>
     <span class='ocr_line' id='line_1_15' title="bbox 303 1021 2174 1068; baseline 0.002 -16"><span class='ocrx_word' id='word_1_149' title='bbox 303 1025 398 1053; x_wconf 83' lang='lat' dir='ltr'>extra</span> <span class='ocrx_word' id='word_1_150' title='bbox 437 1023 605 1054; x_wconf 78' lang='lat' dir='ltr'>civitatem</span> <span class='ocrx_word' id='word_1_151' title='bbox 646 1025 677 1054; x_wconf 89' lang='lat' dir='ltr'>et</span> <span class='ocrx_word' id='word_1_152' title='bbox 716 1021 887 1064; x_wconf 84' lang='lat' dir='ltr'>diocesim,</span> <span class='ocrx_word' id='word_1_153' title='bbox 926 1024 956 1055; x_wconf 92' lang='lat' dir='ltr'>in</span> <span class='ocrx_word' id='word_1_154' title='bbox 988 1021 1106 1067; x_wconf 90' lang='lat' dir='ltr'>quibus</span> <span class='ocrx_word' id='word_1_155' title='bbox 1136 1021 1280 1067; x_wconf 89' lang='lat' dir='ltr'>deputati</span> <span class='ocrx_word' id='word_1_156' title='bbox 1312 1021 1442 1061; x_wconf 81' lang='lat' dir='ltr'>fuerint,</span> <span class='ocrx_word' id='word_1_157' title='bbox 1472 1027 1587 1056; x_wconf 88' lang='lat' dir='ltr'>contra</span> <span class='ocrx_word' id='word_1_158' title='bbox 1618 1033 1835 1068; x_wconf 79' lang='lat' dir='ltr'>quoscunque</span> <span class='ocrx_word' id='word_1_159' title='bbox 1874 1022 2062 1068; x_wconf 82' lang='lat' dir='ltr'>procedere</span> <span class='ocrx_word' id='word_1_160' title='bbox 2101 1025 2174 1056; x_wconf 85' lang='lat' dir='ltr'>sive</span> 
     </span>
     <span class='ocr_line' id='line_1_16' title="bbox 302 1081 2172 1128; baseline 0.002 -14"><span class='ocrx_word' id='word_1_161' title='bbox 302 1081 355 1114; x_wconf 89' lang='lat' dir='ltr'>alii</span> <span class='ocrx_word' id='word_1_162' title='bbox 385 1081 440 1114; x_wconf 89' lang='lat' dir='ltr'>vel</span> <span class='ocrx_word' id='word_1_163' title='bbox 469 1081 540 1115; x_wconf 89' lang='lat' dir='ltr'>aliis</span> <span class='ocrx_word' id='word_1_164' title='bbox 570 1085 664 1115; x_wconf 87' lang='lat' dir='ltr'>vices</span> <span class='ocrx_word' id='word_1_165' title='bbox 695 1093 771 1115; x_wconf 89' lang='lat' dir='ltr'>suas</span> <span class='ocrx_word' id='word_1_166' title='bbox 802 1087 1022 1126; x_wconf 81' lang='lat' dir='ltr'>committere,</span> <span class='ocrx_word' id='word_1_167' title='bbox 1053 1087 1107 1116; x_wconf 91' lang='lat' dir='ltr'>aut</span> <span class='ocrx_word' id='word_1_168' title='bbox 1136 1083 1264 1128; x_wconf 87' lang='lat' dir='ltr'>aliquos</span> <span class='ocrx_word' id='word_1_169' title='bbox 1295 1084 1378 1117; x_wconf 89' lang='lat' dir='ltr'>ultra</span> <span class='ocrx_word' id='word_1_170' title='bbox 1408 1094 1506 1117; x_wconf 88' lang='lat' dir='ltr'>unam</span> <span class='ocrx_word' id='word_1_171' title='bbox 1536 1083 1655 1117; x_wconf 88' lang='lat' dir='ltr'>dietam</span> <span class='ocrx_word' id='word_1_172' title='bbox 1685 1094 1702 1116; x_wconf 91' lang='lat' dir='ltr'>a</span> <span class='ocrx_word' id='word_1_173' title='bbox 1733 1082 1797 1117; x_wconf 83' lang='lat' dir='ltr'>line</span> <span class='ocrx_word' id='word_1_174' title='bbox 1825 1083 1969 1117; x_wconf 91' lang='lat' dir='ltr'>diocesis</span> <span class='ocrx_word' id='word_1_175' title='bbox 1990 1082 2172 1117; x_wconf 87' lang='lat' dir='ltr'>eorundem</span> 
     </span>
     <span class='ocr_line' id='line_1_17' title="bbox 303 1142 2170 1190; baseline 0.001 -15"><span class='ocrx_word' id='word_1_176' title='bbox 303 1142 436 1175; x_wconf 88' lang='lat' dir='ltr'>trahere</span> <span class='ocrx_word' id='word_1_177' title='bbox 475 1147 678 1187; x_wconf 79' lang='lat' dir='ltr'>presumant.</span> <span class='ocrx_word' id='word_1_178' title='bbox 719 1143 897 1177; x_wconf 86' lang='lat' dir='ltr'>dummodo</span> <span class='ocrx_word' id='word_1_179' title='bbox 937 1144 1019 1177; x_wconf 89' lang='lat' dir='ltr'>ultra</span> <span class='ocrx_word' id='word_1_180' title='bbox 1050 1143 1131 1177; x_wconf 90' lang='lat' dir='ltr'>duas</span> <span class='ocrx_word' id='word_1_181' title='bbox 1161 1144 1266 1179; x_wconf 87' lang='lat' dir='ltr'>dietas</span> <span class='ocrx_word' id='word_1_182' title='bbox 1296 1145 1414 1190; x_wconf 86' lang='lat' dir='ltr'>aliquis</span> <span class='ocrx_word' id='word_1_183' title='bbox 1443 1147 1640 1178; x_wconf 87' lang='lat' dir='ltr'>auctoritate</span> <span class='ocrx_word' id='word_1_184' title='bbox 1671 1147 1882 1189; x_wconf 89' lang='lat' dir='ltr'>presencium</span> <span class='ocrx_word' id='word_1_185' title='bbox 1913 1155 1979 1178; x_wconf 87' lang='lat' dir='ltr'>nou</span> <span class='ocrx_word' id='word_1_186' title='bbox 2009 1143 2170 1185; x_wconf 85' lang='lat' dir='ltr'>trabatur,</span> 
     </span>
     <span class='ocr_line' id='line_1_18' title="bbox 302 1203 2175 1250; baseline 0.001 -13"><span class='ocrx_word' id='word_1_187' title='bbox 302 1214 360 1237; x_wconf 85' lang='lat' dir='ltr'>seu</span> <span class='ocrx_word' id='word_1_188' title='bbox 391 1203 477 1247; x_wconf 88' lang='lat' dir='ltr'>quod</span> <span class='ocrx_word' id='word_1_189' title='bbox 508 1203 548 1236; x_wconf 87' lang='lat' dir='ltr'>de</span> <span class='ocrx_word' id='word_1_190' title='bbox 578 1203 649 1237; x_wconf 89' lang='lat' dir='ltr'>aliis</span> <span class='ocrx_word' id='word_1_191' title='bbox 679 1215 775 1249; x_wconf 89' lang='lat' dir='ltr'>quam</span> <span class='ocrx_word' id='word_1_192' title='bbox 807 1204 847 1237; x_wconf 91' lang='lat' dir='ltr'>de</span> <span class='ocrx_word' id='word_1_193' title='bbox 878 1204 1064 1239; x_wconf 79' lang='lat' dir='ltr'>manifestis</span> <span class='ocrx_word' id='word_1_194' title='bbox 1094 1208 1221 1239; x_wconf 89' lang='lat' dir='ltr'>iniuriis</span> <span class='ocrx_word' id='word_1_195' title='bbox 1251 1210 1282 1240; x_wconf 87' lang='lat' dir='ltr'>et</span> <span class='ocrx_word' id='word_1_196' title='bbox 1311 1205 1487 1240; x_wconf 90' lang='lat' dir='ltr'>violenciis</span> <span class='ocrx_word' id='word_1_197' title='bbox 1517 1210 1548 1239; x_wconf 90' lang='lat' dir='ltr'>et</span> <span class='ocrx_word' id='word_1_198' title='bbox 1577 1205 1661 1248; x_wconf 85' lang='lat' dir='ltr'>aliis,</span> <span class='ocrx_word' id='word_1_199' title='bbox 1691 1217 1755 1250; x_wconf 87' lang='lat' dir='ltr'>que</span> <span class='ocrx_word' id='word_1_200' title='bbox 1780 1205 1974 1249; x_wconf 86' lang='lat' dir='ltr'>judicialem</span> <span class='ocrx_word' id='word_1_201' title='bbox 2000 1207 2175 1250; x_wconf 89' lang='lat' dir='ltr'>requirunt</span> 
     </span>
     <span class='ocr_line' id='line_1_19' title="bbox 303 1264 2172 1312; baseline 0.002 -16"><span class='ocrx_word' id='word_1_202' title='bbox 303 1264 492 1308; x_wconf 79' lang='lat' dir='ltr'>indaginem</span> <span class='ocrx_word' id='word_1_203' title='bbox 530 1267 625 1310; x_wconf 89' lang='lat' dir='ltr'>penis</span> <span class='ocrx_word' id='word_1_204' title='bbox 661 1266 691 1297; x_wconf 92' lang='lat' dir='ltr'>iu</span> <span class='ocrx_word' id='word_1_205' title='bbox 732 1275 802 1307; x_wconf 89' lang='lat' dir='ltr'>eos,</span> <span class='ocrx_word' id='word_1_206' title='bbox 843 1267 870 1298; x_wconf 88' lang='lat' dir='ltr'>si</span> <span class='ocrx_word' id='word_1_207' title='bbox 908 1276 1006 1299; x_wconf 90' lang='lat' dir='ltr'>secus</span> <span class='ocrx_word' id='word_1_208' title='bbox 1046 1268 1178 1310; x_wconf 82' lang='lat' dir='ltr'>egerint</span> <span class='ocrx_word' id='word_1_209' title='bbox 1213 1271 1245 1300; x_wconf 87' lang='lat' dir='ltr'>et</span> <span class='ocrx_word' id='word_1_210' title='bbox 1281 1269 1312 1300; x_wconf 90' lang='lat' dir='ltr'>in</span> <span class='ocrx_word' id='word_1_211' title='bbox 1346 1267 1375 1300; x_wconf 91' lang='lat' dir='ltr'>id</span> <span class='ocrx_word' id='word_1_212' title='bbox 1412 1271 1632 1312; x_wconf 82' lang='lat' dir='ltr'>procurantes</span> <span class='ocrx_word' id='word_1_213' title='bbox 1662 1266 1812 1307; x_wconf 84' lang='lat' dir='ltr'>adiectis,</span> <span class='ocrx_word' id='word_1_214' title='bbox 1843 1270 2107 1300; x_wconf 84' lang='lat' dir='ltr'>conservatores</span> <span class='ocrx_word' id='word_1_215' title='bbox 2136 1276 2172 1300; x_wconf 89' lang='lat' dir='ltr'>se</span> 
     </span>
     <span class='ocr_line' id='line_1_20' title="bbox 304 1325 2174 1372; baseline 0.002 -15"><span class='ocrx_word' id='word_1_216' title='bbox 304 1325 491 1358; x_wconf 85' lang='lat' dir='ltr'>nullatenus</span> <span class='ocrx_word' id='word_1_217' title='bbox 508 1327 737 1368; x_wconf 80' lang='lat' dir='ltr'>intromittant,</span> <span class='ocrx_word' id='word_1_218' title='bbox 755 1337 854 1371; x_wconf 87' lang='lat' dir='ltr'>quam</span> <span class='ocrx_word' id='word_1_219' title='bbox 871 1326 942 1361; x_wconf 88' lang='lat' dir='ltr'>aliis</span> <span class='ocrx_word' id='word_1_220' title='bbox 959 1326 1211 1372; x_wconf 85' lang='lat' dir='ltr'>quibuscunque</span> <span class='ocrx_word' id='word_1_221' title='bbox 1224 1326 1521 1361; x_wconf 89' lang='lat' dir='ltr'>constitucionibus</span> <span class='ocrx_word' id='word_1_222' title='bbox 1537 1339 1554 1360; x_wconf 88' lang='lat' dir='ltr'>a</span> <span class='ocrx_word' id='word_1_223' title='bbox 1565 1326 1863 1372; x_wconf 85' lang='lat' dir='ltr'>predecessoribus</span> <span class='ocrx_word' id='word_1_224' title='bbox 1880 1325 2174 1361; x_wconf 89' lang='lat' dir='ltr'>nostrisRomanis</span> 
     </span>
     <span class='ocr_line' id='line_1_21' title="bbox 303 1385 2171 1434; baseline 0.002 -16"><span class='ocrx_word' id='word_1_225' title='bbox 303 1385 512 1431; x_wconf 87' lang='lat' dir='ltr'>pontificibus</span> <span class='ocrx_word' id='word_1_226' title='bbox 551 1386 714 1431; x_wconf 73' lang='lat' dir='ltr'>delegatis</span> <span class='ocrx_word' id='word_1_227' title='bbox 752 1392 784 1420; x_wconf 88' lang='lat' dir='ltr'>et</span> <span class='ocrx_word' id='word_1_228' title='bbox 821 1387 1118 1421; x_wconf 83' lang='lat' dir='ltr'>conservatoribus</span> <span class='ocrx_word' id='word_1_229' title='bbox 1157 1399 1254 1433; x_wconf 87' lang='lat' dir='ltr'>quam</span> <span class='ocrx_word' id='word_1_230' title='bbox 1285 1391 1438 1434; x_wconf 89' lang='lat' dir='ltr'>personis</span> <span class='ocrx_word' id='word_1_231' title='bbox 1468 1388 1550 1421; x_wconf 89' lang='lat' dir='ltr'>ultra</span> <span class='ocrx_word' id='word_1_232' title='bbox 1581 1393 1708 1421; x_wconf 87' lang='lat' dir='ltr'>certum</span> <span class='ocrx_word' id='word_1_233' title='bbox 1739 1399 1914 1422; x_wconf 88' lang='lat' dir='ltr'>numerum</span> <span class='ocrx_word' id='word_1_234' title='bbox 1943 1387 1983 1421; x_wconf 87' lang='lat' dir='ltr'>ad</span> <span class='ocrx_word' id='word_1_235' title='bbox 2013 1387 2171 1421; x_wconf 87' lang='lat' dir='ltr'>iudicium</span> 
     </span>
     <span class='ocr_line' id='line_1_22' title="bbox 304 1446 2172 1495; baseline 0.002 -16"><span class='ocrx_word' id='word_1_236' title='bbox 304 1457 370 1479; x_wconf 88' lang='lat' dir='ltr'>non</span> <span class='ocrx_word' id='word_1_237' title='bbox 408 1446 581 1486; x_wconf 71' lang='lat' dir='ltr'>vocandis,</span> <span class='ocrx_word' id='word_1_238' title='bbox 620 1451 674 1480; x_wconf 86' lang='lat' dir='ltr'>aut</span> <span class='ocrx_word' id='word_1_239' title='bbox 710 1447 782 1481; x_wconf 91' lang='lat' dir='ltr'>aliis</span> <span class='ocrx_word' id='word_1_240' title='bbox 819 1448 926 1491; x_wconf 87' lang='lat' dir='ltr'>editis,</span> <span class='ocrx_word' id='word_1_241' title='bbox 963 1460 1027 1493; x_wconf 89' lang='lat' dir='ltr'>que</span> <span class='ocrx_word' id='word_1_242' title='bbox 1063 1453 1179 1483; x_wconf 85' lang='lat' dir='ltr'>vestre</span> <span class='ocrx_word' id='word_1_243' title='bbox 1213 1453 1349 1494; x_wconf 83' lang='lat' dir='ltr'>possent</span> <span class='ocrx_word' id='word_1_244' title='bbox 1379 1451 1409 1482; x_wconf 89' lang='lat' dir='ltr'>in</span> <span class='ocrx_word' id='word_1_245' title='bbox 1440 1449 1502 1482; x_wconf 87' lang='lat' dir='ltr'>bac</span> <span class='ocrx_word' id='word_1_246' title='bbox 1532 1453 1625 1495; x_wconf 85' lang='lat' dir='ltr'>parte</span> <span class='ocrx_word' id='word_1_247' title='bbox 1663 1449 1888 1483; x_wconf 87' lang='lat' dir='ltr'>iurisdiccioni</span> <span class='ocrx_word' id='word_1_248' title='bbox 1925 1453 1980 1482; x_wconf 88' lang='lat' dir='ltr'>aut</span> <span class='ocrx_word' id='word_1_249' title='bbox 2017 1450 2172 1494; x_wconf 84' lang='lat' dir='ltr'>potestati</span> 
     </span>
     <span class='ocr_line' id='line_1_23' title="bbox 304 1507 2174 1554; baseline 0.002 -14"><span class='ocrx_word' id='word_1_250' title='bbox 304 1510 441 1552; x_wconf 87' lang='lat' dir='ltr'>eiusque</span> <span class='ocrx_word' id='word_1_251' title='bbox 481 1507 585 1541; x_wconf 88' lang='lat' dir='ltr'>libero</span> <span class='ocrx_word' id='word_1_252' title='bbox 623 1511 794 1541; x_wconf 82' lang='lat' dir='ltr'>exercicio</span> <span class='ocrx_word' id='word_1_253' title='bbox 834 1509 1083 1554; x_wconf 80' lang='lat' dir='ltr'>qumnodolibet</span> <span class='ocrx_word' id='word_1_254' title='bbox 1119 1509 1271 1551; x_wconf 88' lang='lat' dir='ltr'>obviare,</span> <span class='ocrx_word' id='word_1_255' title='bbox 1309 1522 1368 1543; x_wconf 89' lang='lat' dir='ltr'>seu</span> <span class='ocrx_word' id='word_1_256' title='bbox 1406 1513 1432 1543; x_wconf 88' lang='lat' dir='ltr'>si</span> <span class='ocrx_word' id='word_1_257' title='bbox 1475 1509 1638 1554; x_wconf 79' lang='lat' dir='ltr'>aliquibus</span> <span class='ocrx_word' id='word_1_258' title='bbox 1682 1513 1906 1543; x_wconf 86' lang='lat' dir='ltr'>communiter</span> <span class='ocrx_word' id='word_1_259' title='bbox 1947 1509 2003 1544; x_wconf 92' lang='lat' dir='ltr'>vel</span> <span class='ocrx_word' id='word_1_260' title='bbox 2042 1509 2174 1543; x_wconf 86' lang='lat' dir='ltr'>divisim</span> 
     </span>
     <span class='ocr_line' id='line_1_24' title="bbox 303 1568 2174 1617; baseline 0.002 -17"><span class='ocrx_word' id='word_1_261' title='bbox 303 1579 320 1600; x_wconf 86' lang='lat' dir='ltr'>a</span> <span class='ocrx_word' id='word_1_262' title='bbox 342 1568 492 1613; x_wconf 89' lang='lat' dir='ltr'>predicta</span> <span class='ocrx_word' id='word_1_263' title='bbox 513 1571 554 1602; x_wconf 92' lang='lat' dir='ltr'>sit</span> <span class='ocrx_word' id='word_1_264' title='bbox 575 1569 656 1602; x_wconf 87' lang='lat' dir='ltr'>sede</span> <span class='ocrx_word' id='word_1_265' title='bbox 687 1569 857 1611; x_wconf 87' lang='lat' dir='ltr'>indultum,</span> <span class='ocrx_word' id='word_1_266' title='bbox 888 1570 974 1615; x_wconf 86' lang='lat' dir='ltr'>quod</span> <span class='ocrx_word' id='word_1_267' title='bbox 1006 1571 1169 1611; x_wconf 81' lang='lat' dir='ltr'>interdici,</span> <span class='ocrx_word' id='word_1_268' title='bbox 1201 1571 1359 1617; x_wconf 86' lang='lat' dir='ltr'>suspendi</span> <span class='ocrx_word' id='word_1_269' title='bbox 1389 1571 1443 1604; x_wconf 88' lang='lat' dir='ltr'>vel</span> <span class='ocrx_word' id='word_1_270' title='bbox 1474 1574 1761 1604; x_wconf 80' lang='lat' dir='ltr'>excommunicari</span> <span class='ocrx_word' id='word_1_271' title='bbox 1790 1582 1849 1605; x_wconf 88' lang='lat' dir='ltr'>seu</span> <span class='ocrx_word' id='word_1_272' title='bbox 1879 1575 1975 1605; x_wconf 84' lang='lat' dir='ltr'>extra</span> <span class='ocrx_word' id='word_1_273' title='bbox 2005 1570 2061 1605; x_wconf 87' lang='lat' dir='ltr'>vel</span> <span class='ocrx_word' id='word_1_274' title='bbox 2090 1570 2174 1604; x_wconf 87' lang='lat' dir='ltr'>ultra</span> 
     </span>
     <span class='ocr_line' id='line_1_25' title="bbox 303 1628 2176 1678; baseline 0.002 -17"><span class='ocrx_word' id='word_1_275' title='bbox 303 1633 395 1662; x_wconf 88' lang='lat' dir='ltr'>certa</span> <span class='ocrx_word' id='word_1_276' title='bbox 425 1628 498 1662; x_wconf 87' lang='lat' dir='ltr'>loca</span> <span class='ocrx_word' id='word_1_277' title='bbox 529 1629 567 1662; x_wconf 88' lang='lat' dir='ltr'>ad</span> <span class='ocrx_word' id='word_1_278' title='bbox 599 1630 753 1663; x_wconf 86' lang='lat' dir='ltr'>iudicium</span> <span class='ocrx_word' id='word_1_279' title='bbox 785 1633 923 1665; x_wconf 88' lang='lat' dir='ltr'>evocari</span> <span class='ocrx_word' id='word_1_280' title='bbox 953 1642 1018 1665; x_wconf 92' lang='lat' dir='ltr'>non</span> <span class='ocrx_word' id='word_1_281' title='bbox 1048 1634 1188 1677; x_wconf 86' lang='lat' dir='ltr'>possint,</span> <span class='ocrx_word' id='word_1_282' title='bbox 1218 1643 1278 1677; x_wconf 91' lang='lat' dir='ltr'>per</span> <span class='ocrx_word' id='word_1_283' title='bbox 1306 1632 1431 1666; x_wconf 85' lang='lat' dir='ltr'>litteras</span> <span class='ocrx_word' id='word_1_284' title='bbox 1462 1632 1663 1677; x_wconf 81' lang='lat' dir='ltr'>apostolicas</span> <span class='ocrx_word' id='word_1_285' title='bbox 1692 1643 1758 1666; x_wconf 93' lang='lat' dir='ltr'>uon</span> <span class='ocrx_word' id='word_1_286' title='bbox 1788 1631 1952 1666; x_wconf 87' lang='lat' dir='ltr'>facientes</span> <span class='ocrx_word' id='word_1_287' title='bbox 1982 1632 2113 1678; x_wconf 89' lang='lat' dir='ltr'>plenam</span> <span class='ocrx_word' id='word_1_288' title='bbox 2143 1636 2176 1665; x_wconf 88' lang='lat' dir='ltr'>et</span> 
     </span>
     <span class='ocr_line' id='line_1_26' title="bbox 304 1690 2178 1738; baseline 0.002 -16"><span class='ocrx_word' id='word_1_289' title='bbox 304 1700 501 1734; x_wconf 83' lang='lat' dir='ltr'>expressam</span> <span class='ocrx_word' id='word_1_290' title='bbox 532 1701 570 1723; x_wconf 89' lang='lat' dir='ltr'>ac</span> <span class='ocrx_word' id='word_1_291' title='bbox 601 1690 641 1723; x_wconf 89' lang='lat' dir='ltr'>de</span> <span class='ocrx_word' id='word_1_292' title='bbox 672 1690 777 1724; x_wconf 76' lang='lat' dir='ltr'>verbo</span> <span class='ocrx_word' id='word_1_293' title='bbox 808 1691 847 1725; x_wconf 88' lang='lat' dir='ltr'>ad</span> <span class='ocrx_word' id='word_1_294' title='bbox 878 1691 1018 1726; x_wconf 83' lang='lat' dir='ltr'>verbum</span> <span class='ocrx_word' id='word_1_295' title='bbox 1050 1692 1090 1725; x_wconf 87' lang='lat' dir='ltr'>de.</span> <span class='ocrx_word' id='word_1_296' title='bbox 1120 1692 1244 1726; x_wconf 90' lang='lat' dir='ltr'>indulto</span> <span class='ocrx_word' id='word_1_297' title='bbox 1275 1692 1461 1726; x_wconf 82' lang='lat' dir='ltr'>huiusmodi</span> <span class='ocrx_word' id='word_1_298' title='bbox 1491 1696 1523 1725; x_wconf 83' lang='lat' dir='ltr'>et</span> <span class='ocrx_word' id='word_1_299' title='bbox 1552 1704 1664 1725; x_wconf 83' lang='lat' dir='ltr'>eoram</span> <span class='ocrx_word' id='word_1_300' title='bbox 1696 1695 1861 1738; x_wconf 77' lang='lat' dir='ltr'>personiS,</span> <span class='ocrx_word' id='word_1_301' title='bbox 1889 1692 1982 1735; x_wconf 82' lang='lat' dir='ltr'>locis,</span> <span class='ocrx_word' id='word_1_302' title='bbox 2004 1691 2178 1727; x_wconf 88' lang='lat' dir='ltr'>ordinibus</span> 
     </span>
     <span class='ocr_line' id='line_1_27' title="bbox 305 1750 2176 1799; baseline 0.002 -16"><span class='ocrx_word' id='word_1_303' title='bbox 305 1755 336 1783; x_wconf 92' lang='lat' dir='ltr'>et</span> <span class='ocrx_word' id='word_1_304' title='bbox 371 1750 559 1784; x_wconf 88' lang='lat' dir='ltr'>nominibus</span> <span class='ocrx_word' id='word_1_305' title='bbox 596 1755 738 1797; x_wconf 90' lang='lat' dir='ltr'>propriis</span> <span class='ocrx_word' id='word_1_306' title='bbox 769 1755 979 1786; x_wconf 81' lang='lat' dir='ltr'>mencionem</span> <span class='ocrx_word' id='word_1_307' title='bbox 1011 1758 1042 1787; x_wconf 85' lang='lat' dir='ltr'>et</span> <span class='ocrx_word' id='word_1_308' title='bbox 1071 1753 1216 1799; x_wconf 85' lang='lat' dir='ltr'>qualibet</span> <span class='ocrx_word' id='word_1_309' title='bbox 1245 1753 1306 1787; x_wconf 88' lang='lat' dir='ltr'>alia</span> <span class='ocrx_word' id='word_1_310' title='bbox 1336 1753 1549 1797; x_wconf 74' lang='lat' dir='ltr'>indulgencia</span> <span class='ocrx_word' id='word_1_311' title='bbox 1579 1753 1665 1786; x_wconf 88' lang='lat' dir='ltr'>dicte</span> <span class='ocrx_word' id='word_1_312' title='bbox 1694 1754 1795 1796; x_wconf 80' lang='lat' dir='ltr'>sedis,</span> <span class='ocrx_word' id='word_1_313' title='bbox 1825 1754 1977 1798; x_wconf 79' lang='lat' dir='ltr'>generali</span> <span class='ocrx_word' id='word_1_314' title='bbox 2008 1753 2060 1788; x_wconf 89' lang='lat' dir='ltr'>vel</span> <span class='ocrx_word' id='word_1_315' title='bbox 2091 1764 2176 1799; x_wconf 86' lang='lat' dir='ltr'>spe-</span> 
     </span>
     <span class='ocr_line' id='line_1_28' title="bbox 305 1811 2176 1860; baseline 0.002 -16"><span class='ocrx_word' id='word_1_316' title='bbox 305 1811 392 1847; x_wconf 64' lang='lat' dir='ltr'>ciali„</span> <span class='ocrx_word' id='word_1_317' title='bbox 432 1814 659 1857; x_wconf 88' lang='lat' dir='ltr'>cuiuscunque</span> <span class='ocrx_word' id='word_1_318' title='bbox 699 1816 825 1847; x_wconf 87' lang='lat' dir='ltr'>tenoris</span> <span class='ocrx_word' id='word_1_319' title='bbox 864 1817 996 1854; x_wconf 81' lang='lat' dir='ltr'>existat,</span> <span class='ocrx_word' id='word_1_320' title='bbox 1036 1826 1096 1860; x_wconf 90' lang='lat' dir='ltr'>per</span> <span class='ocrx_word' id='word_1_321' title='bbox 1131 1826 1228 1860; x_wconf 88' lang='lat' dir='ltr'>quam</span> <span class='ocrx_word' id='word_1_322' title='bbox 1267 1813 1478 1860; x_wconf 84' lang='lat' dir='ltr'>presentibus</span> <span class='ocrx_word' id='word_1_323' title='bbox 1516 1825 1580 1847; x_wconf 91' lang='lat' dir='ltr'>non</span> <span class='ocrx_word' id='word_1_324' title='bbox 1621 1825 1818 1859; x_wconf 77' lang='lat' dir='ltr'>expressam</span> <span class='ocrx_word' id='word_1_325' title='bbox 1849 1814 1903 1848; x_wconf 84' lang='lat' dir='ltr'>vel</span> <span class='ocrx_word' id='word_1_326' title='bbox 1934 1814 2081 1848; x_wconf 87' lang='lat' dir='ltr'>totaliter</span> <span class='ocrx_word' id='word_1_327' title='bbox 2109 1825 2176 1848; x_wconf 89' lang='lat' dir='ltr'>non</span> 
     </span>
     <span class='ocr_line' id='line_1_29' title="bbox 305 1874 2175 1921; baseline 0.002 -16"><span class='ocrx_word' id='word_1_328' title='bbox 305 1875 463 1905; x_wconf 87' lang='lat' dir='ltr'>insertam</span> <span class='ocrx_word' id='word_1_329' title='bbox 499 1877 612 1916; x_wconf 73' lang='lat' dir='ltr'>nosti-c</span> <span class='ocrx_word' id='word_1_330' title='bbox 648 1874 896 1917; x_wconf 87' lang='lat' dir='ltr'>jurisdiccionis</span> <span class='ocrx_word' id='word_1_331' title='bbox 936 1875 1121 1921; x_wconf 77' lang='lat' dir='ltr'>explicacio</span> <span class='ocrx_word' id='word_1_332' title='bbox 1156 1876 1266 1909; x_wconf 84' lang='lat' dir='ltr'>valeat</span> <span class='ocrx_word' id='word_1_333' title='bbox 1304 1878 1333 1909; x_wconf 92' lang='lat' dir='ltr'>in</span> <span class='ocrx_word' id='word_1_334' title='bbox 1373 1874 1435 1908; x_wconf 89' lang='lat' dir='ltr'>bac</span> <span class='ocrx_word' id='word_1_335' title='bbox 1474 1879 1567 1920; x_wconf 83' lang='lat' dir='ltr'>parte</span> <span class='ocrx_word' id='word_1_336' title='bbox 1597 1874 1846 1920; x_wconf 87' lang='lat' dir='ltr'>quomodolibet</span> <span class='ocrx_word' id='word_1_337' title='bbox 1875 1875 2029 1921; x_wconf 78' lang='lat' dir='ltr'>inpediri,</span> <span class='ocrx_word' id='word_1_338' title='bbox 2072 1879 2104 1908; x_wconf 89' lang='lat' dir='ltr'>et</span> <span class='ocrx_word' id='word_1_339' title='bbox 2135 1874 2175 1909; x_wconf 87' lang='lat' dir='ltr'>de</span> 
     </span>
     <span class='ocr_line' id='line_1_30' title="bbox 306 1935 2174 1982; baseline 0.003 -17"><span class='ocrx_word' id='word_1_340' title='bbox 306 1944 368 1977; x_wconf 87' lang='lat' dir='ltr'>qua</span> <span class='ocrx_word' id='word_1_341' title='bbox 400 1936 560 1978; x_wconf 85' lang='lat' dir='ltr'>cuiusque</span> <span class='ocrx_word' id='word_1_342' title='bbox 590 1939 658 1968; x_wconf 90' lang='lat' dir='ltr'>toto</span> <span class='ocrx_word' id='word_1_343' title='bbox 689 1940 805 1968; x_wconf 86' lang='lat' dir='ltr'>tenore</span> <span class='ocrx_word' id='word_1_344' title='bbox 836 1936 876 1969; x_wconf 90' lang='lat' dir='ltr'>de</span> <span class='ocrx_word' id='word_1_345' title='bbox 907 1936 1012 1971; x_wconf 84' lang='lat' dir='ltr'>verbo</span> <span class='ocrx_word' id='word_1_346' title='bbox 1042 1937 1081 1970; x_wconf 88' lang='lat' dir='ltr'>ad</span> <span class='ocrx_word' id='word_1_347' title='bbox 1113 1935 1252 1970; x_wconf 90' lang='lat' dir='ltr'>verbum</span> <span class='ocrx_word' id='word_1_348' title='bbox 1283 1939 1314 1969; x_wconf 94' lang='lat' dir='ltr'>in</span> <span class='ocrx_word' id='word_1_349' title='bbox 1335 1938 1458 1970; x_wconf 90' lang='lat' dir='ltr'>nostris</span> <span class='ocrx_word' id='word_1_350' title='bbox 1479 1935 1595 1969; x_wconf 88' lang='lat' dir='ltr'>litteris</span> <span class='ocrx_word' id='word_1_351' title='bbox 1618 1935 1768 1969; x_wconf 87' lang='lat' dir='ltr'>habenda</span> <span class='ocrx_word' id='word_1_352' title='bbox 1790 1939 1831 1969; x_wconf 87' lang='lat' dir='ltr'>sit</span> <span class='ocrx_word' id='word_1_353' title='bbox 1852 1939 1982 1970; x_wconf 82' lang='lat' dir='ltr'>mencio</span> <span class='ocrx_word' id='word_1_354' title='bbox 2004 1935 2174 1982; x_wconf 80' lang='lat' dir='ltr'>specialis.</span> 
     </span>
     <span class='ocr_line' id='line_1_31' title="bbox 306 1992 2176 2043; baseline 0.003 -17"><span class='ocrx_word' id='word_1_355' title='bbox 306 1992 462 2027; x_wconf 88' lang='lat' dir='ltr'>Ceterum</span> <span class='ocrx_word' id='word_1_356' title='bbox 492 1994 647 2029; x_wconf 85' lang='lat' dir='ltr'>volumus</span> <span class='ocrx_word' id='word_1_357' title='bbox 678 2000 709 2029; x_wconf 90' lang='lat' dir='ltr'>et</span> <span class='ocrx_word' id='word_1_358' title='bbox 739 1997 921 2042; x_wconf 82' lang='lat' dir='ltr'>apostolica</span> <span class='ocrx_word' id='word_1_359' title='bbox 951 2000 1148 2031; x_wconf 87' lang='lat' dir='ltr'>auctoritate</span> <span class='ocrx_word' id='word_1_360' title='bbox 1179 1998 1402 2041; x_wconf 76' lang='lat' dir='ltr'>decernimus,</span> <span class='ocrx_word' id='word_1_361' title='bbox 1433 1996 1519 2042; x_wconf 86' lang='lat' dir='ltr'>quod</span> <span class='ocrx_word' id='word_1_362' title='bbox 1550 1996 1688 2042; x_wconf 84' lang='lat' dir='ltr'>quilibet</span> <span class='ocrx_word' id='word_1_363' title='bbox 1715 2001 1863 2031; x_wconf 85' lang='lat' dir='ltr'>vestrum</span> <span class='ocrx_word' id='word_1_364' title='bbox 1885 2000 2043 2043; x_wconf 88' lang='lat' dir='ltr'>prosequi</span> <span class='ocrx_word' id='word_1_365' title='bbox 2065 1997 2176 2031; x_wconf 80' lang='lat' dir='ltr'>valeat</span> 
     </span>
     <span class='ocr_line' id='line_1_32' title="bbox 307 2054 2176 2104; baseline 0.003 -18"><span class='ocrx_word' id='word_1_366' title='bbox 307 2054 480 2087; x_wconf 90' lang='lat' dir='ltr'>articulum</span> <span class='ocrx_word' id='word_1_367' title='bbox 521 2058 626 2088; x_wconf 80' lang='lat' dir='ltr'>eciam</span> <span class='ocrx_word' id='word_1_368' title='bbox 666 2068 725 2102; x_wconf 89' lang='lat' dir='ltr'>per</span> <span class='ocrx_word' id='word_1_369' title='bbox 764 2057 863 2090; x_wconf 87' lang='lat' dir='ltr'>alium</span> <span class='ocrx_word' id='word_1_370' title='bbox 904 2057 1108 2097; x_wconf 64' lang='lat' dir='ltr'>inchoatumq</span> <span class='ocrx_word' id='word_1_371' title='bbox 1157 2061 1308 2104; x_wconf 89' lang='lat' dir='ltr'>quamvis</span> <span class='ocrx_word' id='word_1_372' title='bbox 1347 2058 1432 2091; x_wconf 90' lang='lat' dir='ltr'>idem</span> <span class='ocrx_word' id='word_1_373' title='bbox 1472 2057 1634 2092; x_wconf 74' lang='lat' dir='ltr'>inchoans</span> <span class='ocrx_word' id='word_1_374' title='bbox 1674 2058 1761 2091; x_wconf 82' lang='lat' dir='ltr'>nullo</span> <span class='ocrx_word' id='word_1_375' title='bbox 1801 2058 1899 2092; x_wconf 84' lang='lat' dir='ltr'>fuerit</span> <span class='ocrx_word' id='word_1_376' title='bbox 1938 2058 2176 2104; x_wconf 86' lang='lat' dir='ltr'>impedimento</span> 
     </span>
     <span class='ocr_line' id='line_1_33' title="bbox 306 2116 2176 2165; baseline 0.003 -18"><span class='ocrx_word' id='word_1_377' title='bbox 306 2117 468 2148; x_wconf 82' lang='lat' dir='ltr'>canonico</span> <span class='ocrx_word' id='word_1_378' title='bbox 490 2116 694 2161; x_wconf 83' lang='lat' dir='ltr'>prepeditus,</span> <span class='ocrx_word' id='word_1_379' title='bbox 717 2118 871 2163; x_wconf 88' lang='lat' dir='ltr'>quodque</span> <span class='ocrx_word' id='word_1_380' title='bbox 902 2118 1049 2153; x_wconf 86' lang='lat' dir='ltr'>adinstar</span> <span class='ocrx_word' id='word_1_381' title='bbox 1079 2122 1290 2165; x_wconf 87' lang='lat' dir='ltr'>presencium</span> <span class='ocrx_word' id='word_1_382' title='bbox 1321 2121 1361 2153; x_wconf 87' lang='lat' dir='ltr'>sit</span> <span class='ocrx_word' id='word_1_383' title='bbox 1390 2118 1486 2152; x_wconf 85' lang='lat' dir='ltr'>vobis</span> <span class='ocrx_word' id='word_1_384' title='bbox 1516 2123 1548 2152; x_wconf 89' lang='lat' dir='ltr'>et</span> <span class='ocrx_word' id='word_1_385' title='bbox 1578 2121 1755 2164; x_wconf 80' lang='lat' dir='ltr'>unicuique</span> <span class='ocrx_word' id='word_1_386' title='bbox 1781 2123 1931 2153; x_wconf 90' lang='lat' dir='ltr'>vestrum</span> <span class='ocrx_word' id='word_1_387' title='bbox 1952 2122 1984 2153; x_wconf 91' lang='lat' dir='ltr'>in</span> <span class='ocrx_word' id='word_1_388' title='bbox 2005 2121 2176 2165; x_wconf 83' lang='lat' dir='ltr'>premissis</span> 
     </span>
     <span class='ocr_line' id='line_1_34' title="bbox 306 2174 2178 2226; baseline 0.003 -19"><span class='ocrx_word' id='word_1_389' title='bbox 306 2174 458 2208; x_wconf 82' lang='lat' dir='ltr'>omnibus</span> <span class='ocrx_word' id='word_1_390' title='bbox 489 2180 520 2208; x_wconf 90' lang='lat' dir='ltr'>et</span> <span class='ocrx_word' id='word_1_391' title='bbox 550 2188 664 2210; x_wconf 90' lang='lat' dir='ltr'>eorum</span> <span class='ocrx_word' id='word_1_392' title='bbox 696 2179 834 2223; x_wconf 72' lang='lat' dir='ltr'>siugulis</span> <span class='ocrx_word' id='word_1_393' title='bbox 865 2183 971 2226; x_wconf 86' lang='lat' dir='ltr'>ceptis</span> <span class='ocrx_word' id='word_1_394' title='bbox 1001 2184 1033 2213; x_wconf 89' lang='lat' dir='ltr'>et</span> <span class='ocrx_word' id='word_1_395' title='bbox 1061 2183 1260 2226; x_wconf 67' lang='lat' dir='ltr'>noneeptis</span> <span class='ocrx_word' id='word_1_396' title='bbox 1290 2179 1500 2225; x_wconf 85' lang='lat' dir='ltr'>presentibus</span> <span class='ocrx_word' id='word_1_397' title='bbox 1531 2184 1563 2213; x_wconf 84' lang='lat' dir='ltr'>et</span> <span class='ocrx_word' id='word_1_398' title='bbox 1594 2180 1711 2213; x_wconf 85' lang='lat' dir='ltr'>t&#39;uturis</span> <span class='ocrx_word' id='word_1_399' title='bbox 1742 2184 1937 2226; x_wconf 85' lang='lat' dir='ltr'>perpetuata</span> <span class='ocrx_word' id='word_1_400' title='bbox 1968 2183 2116 2226; x_wconf 82' lang='lat' dir='ltr'>potestas</span> <span class='ocrx_word' id='word_1_401' title='bbox 2146 2184 2178 2213; x_wconf 86' lang='lat' dir='ltr'>et</span> 
     </span>
     <span class='ocr_line' id='line_1_35' title="bbox 302 2227 2177 2287; baseline 0.003 -19"><span class='ocrx_word' id='word_1_402' title='bbox 302 2227 497 2279; x_wconf 78' lang='lat' dir='ltr'>jurisdiceio</span> <span class='ocrx_word' id='word_1_403' title='bbox 527 2237 694 2281; x_wconf 78' lang='lat' dir='ltr'>attributa,</span> <span class='ocrx_word' id='word_1_404' title='bbox 727 2244 759 2273; x_wconf 90' lang='lat' dir='ltr'>nt</span> <span class='ocrx_word' id='word_1_405' title='bbox 788 2252 828 2273; x_wconf 90' lang='lat' dir='ltr'>eo</span> <span class='ocrx_word' id='word_1_406' title='bbox 850 2243 971 2285; x_wconf 78' lang='lat' dir='ltr'>vigore</span> <span class='ocrx_word' id='word_1_407' title='bbox 1001 2253 1107 2287; x_wconf 83' lang='lat' dir='ltr'>eaque</span> <span class='ocrx_word' id='word_1_408' title='bbox 1137 2240 1292 2275; x_wconf 81' lang='lat' dir='ltr'>firmitate</span> <span class='ocrx_word' id='word_1_409' title='bbox 1322 2243 1454 2286; x_wconf 87' lang='lat' dir='ltr'>possitis</span> <span class='ocrx_word' id='word_1_410' title='bbox 1485 2243 1514 2273; x_wconf 92' lang='lat' dir='ltr'>in</span> <span class='ocrx_word' id='word_1_411' title='bbox 1547 2243 1718 2285; x_wconf 85' lang='lat' dir='ltr'>premissis</span> <span class='ocrx_word' id='word_1_412' title='bbox 1748 2240 1901 2275; x_wconf 88' lang='lat' dir='ltr'>omnibus</span> <span class='ocrx_word' id='word_1_413' title='bbox 1931 2244 2036 2286; x_wconf 88' lang='lat' dir='ltr'>ceptis</span> <span class='ocrx_word' id='word_1_414' title='bbox 2058 2245 2090 2275; x_wconf 82' lang='lat' dir='ltr'>et</span> <span class='ocrx_word' id='word_1_415' title='bbox 2110 2250 2177 2274; x_wconf 89' lang='lat' dir='ltr'>non</span> 
     </span>
     <span class='ocr_line' id='line_1_36' title="bbox 307 2298 2176 2348; baseline 0.004 -20"><span class='ocrx_word' id='word_1_416' title='bbox 307 2300 410 2342; x_wconf 78' lang='lat' dir='ltr'>ceptis</span> <span class='ocrx_word' id='word_1_417' title='bbox 450 2298 660 2343; x_wconf 86' lang='lat' dir='ltr'>presentibus</span> <span class='ocrx_word' id='word_1_418' title='bbox 700 2305 731 2333; x_wconf 89' lang='lat' dir='ltr'>et</span> <span class='ocrx_word' id='word_1_419' title='bbox 769 2300 887 2335; x_wconf 81' lang='lat' dir='ltr'>suturis</span> <span class='ocrx_word' id='word_1_420' title='bbox 927 2306 958 2335; x_wconf 92' lang='lat' dir='ltr'>et</span> <span class='ocrx_word' id='word_1_421' title='bbox 996 2313 1055 2348; x_wconf 87' lang='lat' dir='ltr'>pro</span> <span class='ocrx_word' id='word_1_422' title='bbox 1094 2302 1252 2348; x_wconf 83' lang='lat' dir='ltr'>predictis</span> <span class='ocrx_word' id='word_1_423' title='bbox 1290 2301 1489 2347; x_wconf 81' lang='lat' dir='ltr'>procedere,</span> <span class='ocrx_word' id='word_1_424' title='bbox 1527 2313 1565 2335; x_wconf 82' lang='lat' dir='ltr'>ac</span> <span class='ocrx_word' id='word_1_425' title='bbox 1603 2305 1628 2335; x_wconf 78' lang='lat' dir='ltr'>si</span> <span class='ocrx_word' id='word_1_426' title='bbox 1666 2302 1815 2347; x_wconf 86' lang='lat' dir='ltr'>predicta</span> <span class='ocrx_word' id='word_1_427' title='bbox 1845 2305 1955 2336; x_wconf 86' lang='lat' dir='ltr'>omnia</span> <span class='ocrx_word' id='word_1_428' title='bbox 1986 2306 2017 2336; x_wconf 87' lang='lat' dir='ltr'>et</span> <span class='ocrx_word' id='word_1_429' title='bbox 2046 2302 2176 2347; x_wconf 79' lang='lat' dir='ltr'>singula</span> 
     </span>
     <span class='ocr_line' id='line_1_37' title="bbox 306 2359 2176 2409; baseline 0.004 -20"><span class='ocrx_word' id='word_1_430' title='bbox 306 2369 417 2390; x_wconf 86' lang='lat' dir='ltr'>eoram</span> <span class='ocrx_word' id='word_1_431' title='bbox 458 2359 553 2393; x_wconf 89' lang='lat' dir='ltr'>nobis</span> <span class='ocrx_word' id='word_1_432' title='bbox 592 2365 687 2406; x_wconf 85' lang='lat' dir='ltr'>cepta</span> <span class='ocrx_word' id='word_1_433' title='bbox 728 2361 868 2395; x_wconf 83' lang='lat' dir='ltr'>t&#39;uissent</span> <span class='ocrx_word' id='word_1_434' title='bbox 903 2367 934 2396; x_wconf 88' lang='lat' dir='ltr'>ct</span> <span class='ocrx_word' id='word_1_435' title='bbox 958 2364 1155 2407; x_wconf 86' lang='lat' dir='ltr'>jurisdiecio</span> <span class='ocrx_word' id='word_1_436' title='bbox 1186 2367 1298 2397; x_wconf 89' lang='lat' dir='ltr'>vestra</span> <span class='ocrx_word' id='word_1_437' title='bbox 1329 2366 1360 2395; x_wconf 84' lang='lat' dir='ltr'>et</span> <span class='ocrx_word' id='word_1_438' title='bbox 1390 2361 1565 2395; x_wconf 88' lang='lat' dir='ltr'>cuiuslibet</span> <span class='ocrx_word' id='word_1_439' title='bbox 1596 2368 1744 2396; x_wconf 72' lang='lat' dir='ltr'>vestrum</span> <span class='ocrx_word' id='word_1_440' title='bbox 1774 2366 1806 2396; x_wconf 89' lang='lat' dir='ltr'>in</span> <span class='ocrx_word' id='word_1_441' title='bbox 1836 2363 1993 2409; x_wconf 85' lang='lat' dir='ltr'>predictis</span> <span class='ocrx_word' id='word_1_442' title='bbox 2023 2361 2176 2397; x_wconf 90' lang='lat' dir='ltr'>omnibus</span> 
     </span>
     <span class='ocr_line' id='line_1_38' title="bbox 306 2419 2178 2469; baseline 0.005 -20"><span class='ocrx_word' id='word_1_443' title='bbox 306 2422 337 2450; x_wconf 83' lang='lat' dir='ltr'>et</span> <span class='ocrx_word' id='word_1_444' title='bbox 366 2419 504 2462; x_wconf 70' lang='lat' dir='ltr'>siugulis</span> <span class='ocrx_word' id='word_1_445' title='bbox 536 2432 594 2465; x_wconf 87' lang='lat' dir='ltr'>per</span> <span class='ocrx_word' id='word_1_446' title='bbox 624 2424 821 2456; x_wconf 81' lang='lat' dir='ltr'>eitaciouem</span> <span class='ocrx_word' id='word_1_447' title='bbox 863 2423 916 2457; x_wconf 87' lang='lat' dir='ltr'>vel</span> <span class='ocrx_word' id='word_1_448' title='bbox 951 2424 1083 2457; x_wconf 85' lang='lat' dir='ltr'>modum</span> <span class='ocrx_word' id='word_1_449' title='bbox 1121 2424 1218 2457; x_wconf 85' lang='lat' dir='ltr'>alium</span> <span class='ocrx_word' id='word_1_450' title='bbox 1258 2427 1453 2469; x_wconf 85' lang='lat' dir='ltr'>perpetuata</span> <span class='ocrx_word' id='word_1_451' title='bbox 1491 2422 1686 2467; x_wconf 64' lang='lat' dir='ltr'>legittimum</span> <span class='ocrx_word' id='word_1_452' title='bbox 1726 2426 1903 2467; x_wconf 77' lang='lat' dir='ltr'>extitisset,</span> <span class='ocrx_word' id='word_1_453' title='bbox 1934 2425 2178 2458; x_wconf 86' lang='lat' dir='ltr'>constitucione</span> 
     </span>
     <span class='ocr_line' id='line_1_39' title="bbox 305 2478 2178 2530; baseline 0.004 -20"><span class='ocrx_word' id='word_1_454' title='bbox 305 2478 453 2523; x_wconf 83' lang='lat' dir='ltr'>predicta</span> <span class='ocrx_word' id='word_1_455' title='bbox 485 2492 586 2526; x_wconf 80' lang='lat' dir='ltr'>super</span> <span class='ocrx_word' id='word_1_456' title='bbox 615 2483 913 2518; x_wconf 78' lang='lat' dir='ltr'>conservatoribus</span> <span class='ocrx_word' id='word_1_457' title='bbox 944 2488 975 2517; x_wconf 88' lang='lat' dir='ltr'>et</span> <span class='ocrx_word' id='word_1_458' title='bbox 1005 2484 1066 2517; x_wconf 86' lang='lat' dir='ltr'>alia</span> <span class='ocrx_word' id='word_1_459' title='bbox 1097 2484 1244 2530; x_wconf 88' lang='lat' dir='ltr'>qualibet</span> <span class='ocrx_word' id='word_1_460' title='bbox 1274 2487 1304 2517; x_wconf 92' lang='lat' dir='ltr'>in</span> <span class='ocrx_word' id='word_1_461' title='bbox 1334 2487 1537 2517; x_wconf 87' lang='lat' dir='ltr'>coutrarimn</span> <span class='ocrx_word' id='word_1_462' title='bbox 1568 2484 1654 2517; x_wconf 85' lang='lat' dir='ltr'>edita</span> <span class='ocrx_word' id='word_1_463' title='bbox 1686 2496 1751 2518; x_wconf 91' lang='lat' dir='ltr'>non</span> <span class='ocrx_word' id='word_1_464' title='bbox 1781 2484 1946 2527; x_wconf 78' lang='lat' dir='ltr'>obstante,</span> <span class='ocrx_word' id='word_1_465' title='bbox 1968 2483 2178 2530; x_wconf 88' lang='lat' dir='ltr'>presentibus</span> 
     </span>
     <span class='ocr_line' id='line_1_40' title="bbox 313 2540 2178 2591; baseline 0.004 -20"><span class='ocrx_word' id='word_1_466' title='bbox 313 2544 385 2583; x_wconf 88' lang='lat' dir='ltr'>post</span> <span class='ocrx_word' id='word_1_467' title='bbox 415 2540 611 2575; x_wconf 71' lang='lat' dir='ltr'>decennium</span> <span class='ocrx_word' id='word_1_468' title='bbox 644 2546 777 2577; x_wconf 89' lang='lat' dir='ltr'>minime</span> <span class='ocrx_word' id='word_1_469' title='bbox 809 2545 971 2578; x_wconf 63' lang='lat' dir='ltr'>valituris.</span> <span class='ocrx_word' id='word_1_470' title='bbox 1004 2545 1123 2578; x_wconf 85' lang='lat' dir='ltr'>Datum</span> <span class='ocrx_word' id='word_1_471' title='bbox 1155 2544 1261 2578; x_wconf 78' lang='lat' dir='ltr'>Rome</span> <span class='ocrx_word' id='word_1_472' title='bbox 1291 2544 1376 2590; x_wconf 88' lang='lat' dir='ltr'>apud</span> <span class='ocrx_word' id='word_1_473' title='bbox 1404 2549 1554 2579; x_wconf 87' lang='lat' dir='ltr'>sanctuni</span> <span class='ocrx_word' id='word_1_474' title='bbox 1579 2545 1709 2579; x_wconf 88' lang='lat' dir='ltr'>l&#39;etrum</span> <span class='ocrx_word' id='word_1_475' title='bbox 1732 2545 1837 2580; x_wconf 90' lang='lat' dir='ltr'>idibus</span> <span class='ocrx_word' id='word_1_476' title='bbox 1857 2545 1946 2589; x_wconf 85' lang='lat' dir='ltr'>Julii,</span> <span class='ocrx_word' id='word_1_477' title='bbox 1968 2544 2178 2591; x_wconf 86' lang='lat' dir='ltr'>pontificatus</span> 
     </span>
     <span class='ocr_line' id='line_1_41' title="bbox 312 2603 697 2638; baseline 0.016 -6"><span class='ocrx_word' id='word_1_478' title='bbox 312 2603 416 2633; x_wconf 87' lang='lat' dir='ltr'>nostri</span> <span class='ocrx_word' id='word_1_479' title='bbox 448 2612 534 2634; x_wconf 83' lang='lat' dir='ltr'>anno</span> <span class='ocrx_word' id='word_1_480' title='bbox 564 2608 697 2638; x_wconf 78' lang='lat' dir='ltr'>octavo.</span> 
     </span>
    </p>
   </div>
   <div class='ocr_carea' id='block_1_4' title="bbox 618 2674 953 2710">
    <p class='ocr_par' dir='ltr' id='par_1_4' title="bbox 618 2674 953 2710">
     <span class='ocr_line' id='line_1_42' title="bbox 618 2674 953 2710; baseline 0.006 -13"><span class='ocrx_word' id='word_1_481' title='bbox 618 2674 751 2708; x_wconf 69' lang='lat' dir='ltr'>tlnscrirt</span> <span class='ocrx_word' id='word_1_482' title='bbox 774 2675 801 2700; x_wconf 84' lang='lat' dir='ltr'>in</span> <span class='ocrx_word' id='word_1_483' title='bbox 827 2685 852 2700; x_wconf 92' lang='grc' dir='ltr'>ιι.</span> <span class='ocrx_word' id='word_1_484' title='bbox 880 2676 953 2710; x_wconf 67' lang='lat'>4¹20)</span> 
     </span>
    </p>
   </div>
  </div>
 </body>
</html>
