2313 3090
1026 210 1099 244 253

129 310 312 355 Bicowicz‚
355 311 514 346 Buzcone
545 314 585 347 de
615 313 876 348 Dralianowicz.
920 315 1150 349 Marizincone
1181 314 1220 348 de
1250 314 1510 357 Drahanowica
1557 314 1703 348 Sulcone
1733 316 1773 349 de
1803 314 1936 349 Ubissin
1967 320 1995 349 et

130 372 324 407 VVienkone
360 374 400 407 de
436 373 579 408 Policze.
624 378 845 419 promittimus
881 376 1031 421 predicto
1060 375 1221 410 Mixiconi
1251 375 1291 409 de
1321 375 1498 409 W'oieczin
1530 379 1560 408 et
1591 375 1773 409 heredibus
1802 379 1870 409 suis
1899 379 1997 410 uxori

128 437 232 480 ipsius
262 438 294 468 et
325 434 399 477 illis,
431 435 470 468 ad
500 446 640 480 quornm
672 448 787 469 manns
817 439 1030 481 prmuistmus
1060 448 1139 482 pura
1171 441 1284 470 nostra
1314 435 1377 470 fide
1407 439 1480 470 sine
1510 439 1598 469 omni
1629 437 1715 470 dolo.
1760 437 1934 471 insolidum
1966 443 1996 471 et

127 494 294 528 indivisim
324 507 342 528 a
373 495 518 540 quolibet
549 495 684 530 homine
715 498 904 543 inpediente
933 508 951 530 a
981 498 1065 531 (lutis
1094 500 1305 543 presencium
1337 508 1396 542 per
1426 500 1601 530 triennium
1633 501 1823 531 continuum
1854 502 1998 544 propriis

128 554 297 589 laboribus
326 561 357 590 et
387 560 547 602 expensis
576 558 759 591 secundum
792 561 840 591 ins
870 563 899 590 et
930 558 1203 592 consuetudinem
1234 563 1324 591 terre
1354 557 1506 591 Moravie
1537 557 1725 603 dishrigare
1755 563 1785 592 et
1815 558 1997 603 exbrignre

128 621 158 650 et
197 619 229 650 in
268 620 374 662 primo
413 617 579 662 colloquio
619 619 827 652 dominorum
868 619 1032 652 (ilomneii
1071 619 1218 665 predicta
1258 618 1342 652 bona
1381 618 1589 652 inthabulare
1627 624 1656 653 et
1695 619 1734 652 ad
1775 619 1995 653 hereditatem

91 696 103 700 -
127 680 292 722 premisso
329 676 490 711 Mixiconi
520 689 584 711 nna
616 690 689 712 enni
722 679 873 713 omnibus
904 683 1061 725 pretaetis
1090 680 1291 726 perducere.
1348 679 1405 713 Sin
1437 684 1545 713 autern
1576 691 1641 713 non
1672 680 1863 714 fecerimus.
1908 681 1993 725 qnod

126 737 223 781 absit,
254 743 376 772 extunc
406 742 594 784 quicunque
625 740 688 773 duo
719 752 761 773 ex
793 740 886 773 unlus
917 740 1242 786 conpromissorihus
1272 751 1332 786 per
1360 739 1523 786 prefatum
1550 739 1753 774 Mixiconcm
1776 745 1830 774 aut
1853 740 1996 774 heredes

126 809 205 833 suos
243 804 298 832 aut
335 811 476 834 uxorem
512 805 566 833 aut
596 811 712 834 manns
743 800 855 834 fideles
887 805 999 835 moniti
1030 802 1163 835 suerint.
1208 813 1291 835 unns
1321 802 1418 835 alium
1449 812 1514 834 non
1545 802 1756 847 expectando
1786 802 1841 835 vel
1870 813 1906 835 se
1935 813 1997 848 per

126 859 224 893 alium
255 860 461 895 excusando.
492 872 571 894 mox
601 872 674 895 cum
705 873 770 895 uno
802 861 923 895 famulo
954 867 983 895 et
1014 866 1106 908 equis
1137 862 1263 896 duobus
1293 874 1353 908 per
1386 865 1613 908 interpositam
1646 874 1824 908 personam
1846 863 1996 897 militaris

126 920 334 955 condicionis
371 924 402 954 in
441 925 610 955 civitatem
647 921 815 956 Brunnam
856 928 885 956 et
921 924 1053 956 (lonium
1085 923 1214 956 honesti
1246 923 1385 968 hospitis
1415 922 1510 957 nobis
1539 927 1706 956 ostensam
1738 934 1798 969 per
1826 923 1995 969 predictos

126 980 287 1016 debemus
325 981 524 1016 subintrare.
568 982 688 1016 ibidem
730 995 845 1017 verum
885 988 913 1017 et
951 989 1144 1017 consuetum
1176 983 1363 1029 obstaginm
1394 986 1575 1030 prestituri.
1620 984 1660 1017 de
1690 984 1809 1017 eodem
1839 984 1994 1029 obstagio

126 1052 192 1076 non
223 1048 387 1077 exeuntes
417 1046 537 1088 quovis
568 1055 661 1077 more
691 1049 743 1077 aut
775 1044 1028 1087 csnisuvindim
1059 1046 1166 1078 donec
1191 1047 1354 1090 premissa
1388 1044 1472 1078 hona
1506 1056 1579 1078 cnm
1606 1044 1758 1078 omnibus
1779 1048 1994 1090 pertinenciis

125 1103 305 1149 sepedictis
335 1103 457 1138 fuerint
486 1116 547 1151 per
576 1116 636 1138 nos
666 1105 860 1150 dislirigatzn
892 1105 1094 1139 intlinbnlata
1125 1110 1155 1139 et
1176 1106 1215 1139 ad
1238 1105 1457 1139 hereditatem
1480 1108 1541 1151 ipsi
1562 1105 1722 1139 Mixiconi
1745 1117 1818 1139 curn
1841 1105 1994 1139 omnibus

125 1168 360 1211 suprascriptis
399 1166 558 1211 perducta
598 1177 671 1199 cum
709 1166 861 1200 omnibns
900 1167 1059 1212 dampnis.
1104 1169 1252 1212 inpensis
1290 1171 1321 1199 et
1357 1169 1516 1212 expensis
1555 1169 1683 1200 nunciis
1722 1172 1751 1200 et
1788 1165 1900 1212 fatigis
1931 1178 1994 1212 que

125 1237 226 1260 causa
255 1225 445 1260 huiusmodi
469 1226 595 1261 Mixico
625 1231 680 1261 aut
709 1230 758 1261 sui
788 1227 932 1261 herede<
962 1230 1174 1274 perceperint
1204 1232 1257 1261 aut
1288 1239 1374 1261 uxor
1394 1232 1450 1261 aut
1468 1227 1584 1261 fideles
1605 1238 1721 1261 manus
1742 1230 1908 1273 premissi3
1930 1239 1994 1272 que

124 1290 316 1321 testimonio
345 1287 493 1321 evidenti
522 1287 754 1321 demonstrare
783 1292 925 1334 poterint
956 1292 1027 1322 siue
1052 1290 1256 1332 juramento,
1301 1288 1341 1321 (le
1371 1288 1523 1322 omnibus
1552 1288 1615 1322 hiis
1645 1288 1742 1321 fuerit
1772 1288 1992 1322 satisfactum.

123 1347 160 1382 In
198 1349 293 1392 cujus
330 1351 381 1382 rei
419 1351 644 1382 testiinonium
684 1349 791 1393 sigilla
821 1354 933 1383 nostra
965 1362 1006 1383 ex
1037 1354 1127 1383 certa
1157 1354 1269 1383 nostra
1301 1352 1446 1383 sciencia
1476 1348 1686 1395 presentibus
1716 1354 1790 1383 suut
1819 1360 1992 1395 appressa.

125 1407 195 1442 Sub
232 1419 320 1442 anno
355 1408 478 1443 domini
517 1409 565 1443 M·
601 1414 837 1444 trecentesimo
875 1414 1096 1455 nonagesimo
1126 1415 1234 1454 sextQ
1281 1410 1361 1444 feria
1393 1414 1508 1456 quarta
1539 1414 1611 1455 post
1643 1409 1843 1444 dominicam
1872 1409 1993 1443 Letare

122 1469 324 1504 Jerusalem.

437 1575 530 1611 (Orig.
565 1577 648 1609 Perg.
682 1576 732 1602 mit
765 1578 779 1602 T
813 1577 938 1608 anhang.
975 1578 1033 1609 Sia.
1067 1577 1102 1602 iu]
1136 1586 1172 1604 m.
1206 1576 1456 1605 Laudes-Archiv,
1492 1577 1554 1603 Art.
1583 1575 1754 1607 Kfiuiginkl.
1779 1576 1821 1601 lit.
1845 1575 1872 1602 S.
1896 1585 1925 1602 n.
1952 1576 1994 1610 9.)

1006 1835 1116 1870 306.

123 1911 165 1945 K.
204 1911 346 1947 Wenzel
364 1912 426 1946 Il'.
455 1915 720 1958 eompromittirt
742 1916 773 1947 in
805 1915 866 1948 der
886 1913 1179 1947 iS'treitsaelzeJnit
1195 1914 1258 1946 den
1290 1912 1506 1946 bolemischeu
1539 1912 1766 1946 Lamlleerreu
1797 1914 1865 1957 auf
1877 1913 1991 1957 Kom'y

173 1972 342 2018 Siqmund
375 1985 439 2007 ϊοη
483 1973 624 2019 Unqarn
662 1976 730 2009 med
759 1974 950 2019 Marltyraf
971 1974 1085 2007 Jmloh·
1115 1985 1177 2007 ron
1210 1973 1364 2007 ,liuhi-en.
1400 1973 1454 2007 Dt.
1487 1973 1579 2016 Ρναῃ
1606 1972 1663 2007 19.
1696 1973 1796 2007 Πᾶν-Ξ
1827 1973 1936 2008 1396.

277 2049 384 2104 Wir
420 2071 623 2105 VVenczlaw
661 2082 727 2105 von
767 2077 865 2117 gotes
904 2072 1037 2116 gnnden
1077 2070 1278 2104 Romisclier
1318 2070 1421 2115 kunig
1459 2081 1498 2103 zu
1536 2070 1621 2103 allen
1652 2072 1760 2103 zenon
1792 2081 1904 2103 merei·
1933 2070 1992 2104 des

120 2130 232 2165 reichs
260 2132 324 2165 und
355 2131 460 2177 kunig
489 2144 529 2166 zu
559 2132 696 2167 Betwim
728 2132 904 2167 bekennen
936 2132 999 2165 und
1032 2137 1085 2165 tun
1117 2131 1197 2165 liunt
1227 2130 1426 2164 oll'enlichen
1463 2133 1518 2164 mit
1540 2130 1664 2164 diesem
1687 2130 1785 2164 hrive
1806 2130 1891 2164 allen
1913 2131 1987 2164 den.

120 2191 173 2226 die
211 2195 242 2226 in
281 2192 387 2227 seben
416 2194 500 2227 oder
528 2194 634 2228 boren
664 2194 768 2228 lesen.
813 2194 872 2227 dns
901 2197 966 2227 wir
995 2192 1189 2237 angesehen
1220 2192 1284 2225 und
1315 2191 1465 2224 betraelit
1498 2191 1606 2224 haben
1638 2190 1842 2224 mancherlei
1873 2201 1990 2224 swer-

119 2252 229 2287 lichen
259 2253 420 2297 schaden,
451 2253 503 2288 die
534 2266 690 2288 unserem
721 2254 898 2299 kunigricli
930 2255 992 2288 und
1024 2253 1121 2288 lande
1151 2265 1190 2286 zu
1222 2252 1360 2286 Belieim
1383 2263 1448 2285 von
1470 2251 1586 2288 liriffes
1608 2252 1670 2285 und
1693 2252 1790 2296 orley
1811 2251 1990 2295 auligende

119 2316 191 2347 sein
220 2313 285 2348 und
317 2313 428 2348 dorull'
453 2315 511 2349 das
541 2315 695 2349 dasselbe
726 2316 799 2349 land
831 2318 861 2348 in
894 2315 977 2348 l'riile
1007 2315 1070 2348 und
1101 2314 1266 2359 gemaclie
1296 2318 1430 2359 gesaezt
1464 2313 1581 2346 werde
1611 2313 1673 2346 und
1704 2316 1769 2346 wir
1789 2311 1842 2345 bei
1864 2323 1988 2345 unsern

119 2374 354 2409 wirdickeiten
391 2377 456 2409 und
492 2375 629 2410 rechten
661 2377 724 2411 und
755 2377 840 2410 oucli
872 2381 939 2409 sust
971 2375 1231 2409 allermeniclich
1262 2375 1313 2408 bei
1346 2374 1437 2407 ret-lit
1468 2373 1587 2407 hleibe.
1631 2384 1668 2406 so
1699 2372 1809 2406 haben
1837 2375 1903 2405 wir
1933 2375 1988 2405 mit

117 2435 390 2470 wolbedaehtem
419 2441 508 2471 mute
538 2438 601 2471 und
632 2443 745 2483 gutern
776 2443 847 2471 rate
877 2438 935 2471 des
967 2436 1298 2481 durelileuchtigsten
1321 2435 1447 2469 l'ursten
1470 2434 1592 2468 herren
1615 2433 1823 2477 sig-munden
1845 2433 1989 2477 kuniges

119 2507 159 2530 zu
188 2495 328 2541 Ungcrn
359 2501 421 2530 etc.
454 2508 571 2531 unsers
602 2498 689 2531 liben
720 2498 871 2542 bruders,
895 2499 953 2532 des
976 2497 1197 2541 hochgeborn
1217 2497 1346 2529 Josten„
1371 2506 1594 2539 marggrares
1615 2506 1654 2527 zu
1675 2493 1847 2537 Merhern.
1868 2504 1988 2526 nnsers

119 2557 206 2591 liben
235 2562 364 2591 vetters
393 2558 457 2591 und
489 2559 612 2592 anderr
641 2570 760 2593 unserr
789 2560 852 2593 und
884 2561 942 2593 des
972 2559 1083 2593 reielis
1114 2559 1252 2592 l'iirsten.
1285 2557 1419 2590 liei-ren.
1450 2556 1546 2589 edeln
1576 2555 1641 2588 und
1670 2559 1834 2599 geli-enen
1855 2553 1990 2587 rechter

118 2621 244 2652 wissen
284 2619 347 2652 und
388 2630 510 2652 unser-n
549 2624 651 2664 gnten
691 2625 807 2653 treuen
842 2620 954 2665 gelobt
986 2620 1048 2654 nnd
1081 2619 1294 2653 vorlieissen.
1339 2616 1481 2654 Qeloben
1513 2617 1577 2649 und
1608 2615 1808 2649 vorheissen
1841 2617 1872 2648 in
1901 2613 1988 2647 kraft

119 2678 192 2713 diez
229 2678 353 2713 brix-es.
397 2679 455 2712 das
483 2683 550 2713 wir
579 2680 641 2714 alle
671 2680 786 2714 sulche
815 2681 923 2724 brim
968 2681 1020 2714 ‹lie
1051 2684 1114 2713 wir
1143 2680 1205 2713 (len
1237 2678 1440 2719 lantlierrem
1485 2677 1654 2710 lantlutcu.
1699 2680 1805 2709 steten
1835 2675 1898 2708 und
1930 2676 1990 2707 ‹ler

1822 2737 1882 2763 34ῐῦ
