2313 3090
1159 257 1183 259 e,
1202 206 1352 260 31ss

321 317 469 345 nostrum
510 313 675 346 dominum
715 312 921 346 Bonifacium
960 322 1078 356 papam
1117 321 1241 344 nonmn
1278 309 1474 344 modernum
1505 323 1568 345 una
1599 323 1671 345 cum
1703 311 1855 346 omnibus
1885 317 1915 345 et
1945 312 2084 357 singulis
2114 311 2186 345 aliis

320 373 544 418 predictorum
576 374 713 407 fratrum
745 375 917 406 autenticis
948 375 1186 417 imperatorum
1217 381 1335 415 regum
1365 374 1549 417 principum
1581 373 1810 406 marchionum
1841 376 1997 407 conatum
2024 373 2186 407 baronum

321 433 477 467 nobilium
509 439 539 467 et
569 434 706 467 aliarum
738 434 1043 466 ecclesiasticarum
1065 437 1096 465 et
1126 431 1326 465 secularium
1349 442 1568 476 personarum
1598 433 1714 467 literis.
1735 434 1932 479 privilegiis,
1960 435 2187 467 instrumentis

322 500 351 528 et
390 497 559 539 vig-orosis
595 493 808 539 processibus
843 497 915 525 sunt
953 493 1073 526 dudum
1110 495 1304 537 vigorosius
1342 491 1504 526 ratificate
1534 497 1566 526 et
1593 493 1749 538 legitimis
1780 497 1880 527 certis
1909 493 2002 528 libris
2032 498 2064 527 et
2092 492 2188 527 bullis

323 560 484 601 perpetuo
514 554 719 587 emilii-mate.
751 558 847 598 prout
876 553 999 587 clarius
1029 558 1060 586 et
1090 556 1284 598 expressius
1314 555 1345 585 in
1376 555 1455 598 ipsis
1484 552 1580 587 bullis
1610 558 1639 587 et
1670 554 1773 587 literis
1803 554 1994 600 apostolicis
2021 553 2190 588 videbitur

323 616 362 648 de
392 615 498 648 verbo
528 615 566 648 ad
597 615 736 648 verbum
769 618 943 657 eontinerh
975 626 1113 660 quarum
1144 618 1290 648 omnium
1319 619 1469 649 tenorem
1500 618 1636 660 propter
1664 617 1810 660 ipsorum
1831 615 2056 660 prolixitatem
2087 624 2188 647 causa

323 676 493 709 brevitatis
523 675 733 720 presentibus
762 678 863 708 inseri
894 680 923 708 et
955 675 1150 709 transscribi
1180 675 1393 717 obmisimus3
1424 677 1538 720 copias
1567 680 1676 708 autem
1706 675 1931 720 predictorum
1953 673 2189 709 omnium'sub

323 747 419 768 manu
459 735 585 780 publica
626 735 792 768 humiliter
827 739 950 780 petenti
987 735 1120 769 indubie
1159 747 1236 769 suas
1275 735 1436 769 dabimus.
1492 734 1533 769 Et
1563 738 1638 781 quia
1667 738 1699 769 in
1728 736 1831 769 literis
1861 735 2053 781 apostolicis
2083 735 2189 769 felicis

321 796 572 829 recordacionis
603 795 724 828 domini
755 795 916 829 Johanuis
937 808 1022 842 pape
1043 796 1152 830 XXII.
1181 800 1213 829 et
1233 799 1498 829 conservatoriis
1519 807 1583 829 una
1604 800 1695 829 certa
1717 796 1863 830 clausula
1885 799 1993 830 extitit
2012 806 2190 842 expressa,

320 857 371 889 illa
403 856 576 889 videlieet:
620 859 675 900 „in
714 856 775 889 illis
805 857 974 899 videlicet‚
1014 868 1078 902 que
1108 856 1301 901 judicialem
1331 859 1504 901 requirunt
1532 856 1723 901 indaginem
1754 856 1794 890 de
1823 856 1922 902 plano
1951 859 2023 890 sine
2053 858 2191 901 strepitu

322 922 349 949 et
389 916 494 960 ligura
529 916 645 960 judicie
684 919 716 950 in
753 917 824 950 aliis
862 928 946 951 vero
976 922 1073 963 prout
1100 918 1239 962 qualitas
1278 920 1423 963 ipsorum
1455 919 1599 961 exigerit
1623 918 1759 961 justicie
1788 915 2094 962 complementum“
2125 920 2190 949 etc.

323 982 417 1022 prout
457 980 487 1009 in
528 980 606 1022 ipsis
642 977 860 1022 originalibus
898 978 1002 1011 literis
1040 978 1169 1024 plenius
1207 981 1405 1019 continetur,
1442 977 1529 1010 unde
1567 977 1745 1022 querulosa
1784 980 2013 1011 insinuacione
2051 976 2191 1022 predicti

322 1038 456 1071 llenriei
494 1037 690 1071 Ilawswald
726 1041 955 1083 procuratoris
990 1039 1128 1083 legitimi
1165 1039 1242 1072 dicti
1284 1039 1406 1072 domini
1442 1036 1569 1071 Nicolai
1608 1037 1740 1084 plebani
1779 1042 1809 1071 et
1848 1041 1990 1072 rectoris
2019 1036 2192 1083 hospitalis

323 1098 564 1131 cruciferorum
598 1098 722 1132 ordinis
744 1101 849 1132 sancti
869 1098 1032 1133 Johannis
1053 1099 1314 1133 Jerosolimitani
1335 1102 1366 1132 in
1388 1099 1534 1144 Antiqua
1554 1098 1666 1132 Bruna
1688 1099 1774 1132 dicte
1797 1098 2030 1132 Olomucensis
2047 1097 2192 1131 diocesis

322 1159 507 1192 didicimus.
545 1159 631 1204 quod
672 1159 748 1192 licet
788 1159 922 1204 quilibet
961 1159 1122 1205 plebanus
1162 1162 1235 1193 sive
1273 1163 1386 1192 rector
1424 1159 1500 1192 dicti
1538 1159 1708 1204 hospitalis
1747 1161 1892 1193 omnium
1923 1163 1955 1192 et
1983 1158 2191 1203 singulorum

322 1218 476 1252 debilium
507 1224 539 1252 et
568 1219 773 1253 infirmorum
805 1231 961 1254 cecorum
994 1220 1186 1254 claudorum
1218 1224 1249 1253 et
1269 1220 1407 1253 aliarum
1429 1218 1664 1253 miserabilium
1687 1230 1905 1265 personarum
1927 1218 1970 1253 ibi
1991 1219 2191 1263 degencium

323 1284 386 1312 tam
427 1283 458 1313 in
497 1280 734 1326 temporalibus
774 1292 871 1325 quam
910 1284 941 1314 in
971 1280 1197 1326 spiritualibus
1236 1283 1274 1314 sit
1306 1280 1346 1314 de
1370 1281 1448 1324 jure
1477 1284 1589 1313 rector
1618 1285 1816 1325 procurator
1845 1284 1932 1313 tutor
1961 1283 2133 1325 protector
2161 1282 2194 1312 et

322 1340 493 1374 defensor.
524 1343 640 1385 eisque
669 1340 769 1374 habet
794 1342 890 1385 juxta
921 1344 970 1374 sui
1000 1341 1190 1375 facultatem
1222 1344 1456 1375 necessitatem
1487 1343 1595 1374 victus
1631 1345 1663 1373 et
1701 1343 1841 1374 amictus
1879 1340 2114 1374 administrare
2152 1339 2192 1373 de

322 1400 429 1444 honis,
470 1401 570 1435 rebus
608 1406 638 1434 et
678 1401 816 1435 decimis
856 1406 920 1435 tam
950 1404 1104 1436 vinorum
1131 1414 1227 1447 quam
1259 1402 1405 1446 frugum
1443 1403 1522 1446 ipsis
1560 1412 1620 1446 per
1650 1400 1772 1434 Christi
1801 1399 1916 1434 fideles
1945 1400 2019 1434 dum
2050 1411 2132 1446 pure
2161 1403 2195 1433 et

322 1460 427 1494 libere
457 1467 594 1507 propter
624 1462 720 1495 deum
751 1473 852 1495 causa
883 1466 914 1495 et
943 1465 1080 1496 racione
1108 1465 1260 1509 perpetui
1290 1464 1479 1496 testamenti
1507 1464 1539 1495 in
1568 1464 1850 1495 sustentacionem
1878 1464 2018 1505 testatis,
2048 1461 2132 1496 datis
2161 1464 2194 1494 et

323 1521 506 1555 liberaliter
535 1525 727 1567 assignatis,
751 1528 847 1568 prout
877 1526 909 1556 in
938 1526 1108 1568 vigorosis
1138 1528 1170 1556 et¹
1199 1526 1374 1557 autenticis
1404 1522 1508 1556 literis
1537 1522 1614 1556 dicti
1643 1522 1815 1568 hospitalis
1844 1523 1989 1568 desuper
2017 1521 2193 1566 confectis,

323 1593 405 1626 quas
435 1583 578 1616 vidimus
609 1583 799 1617 audivimus
829 1588 859 1617 et
890 1584 1044 1629 legimus.
1075 1589 1105 1617 et
1135 1584 1230 1617 nobis
1261 1586 1462 1629 presentatis
1490 1595 1551 1629 per
1580 1583 1701 1616 dictum
1722 1583 1904 1617 Henricum
1925 1587 2193 1629 procuratorem‚

322 1642 452 1687 plenius
490 1646 700 1677 continetur:
738 1644 901 1689 dictisque
936 1644 1138 1690 pauperbius
1168 1644 1309 1689 quedam
1339 1643 1472 1688 frugum
1503 1649 1535 1677 et
1564 1644 1699 1678 alterius
1728 1647 1824 1688 grani
1854 1648 1887 1677 et
1915 1643 2071 1678 frumenti
2101 1648 2194 1677 certe

323 1702 453 1736 decime
491 1703 531 1736 de
570 1703 753 1749 parochiali
792 1705 937 1738 eeclesia
976 1708 1007 1738 in
1049 1705 1188 1738 Krisans
1229 1705 1315 1738 dicte
1346 1704 1579 1738 Olomucensis
1610 1704 1754 1738 diocesis
1784 1709 1816 1738 et
1844 1704 1885 1738 de
1913 1704 2078 1738 nonnullis
2108 1703 2195 1738 villis

324 1763 363 1796 ad
394 1762 479 1796 hanc
510 1763 747 1809 spectantibus.
779 1765 875 1798 dictis
892 1764 1123 1808 Crewezd‹1›rl'‚
1154 1765 1341 1808 Bohdalau,
1370 1764 1577 1807 Morawska‚
1599 1764 1832 1810 Myraschmv,
1862 1763 2005 1799 Cossaw
2025 1768 2088 1798 etc.
2119 1766 2194 1798 sin-

322 1824 409 1867 gulis
439 1827 533 1857 annis
563 1824 695 1869 plebani
725 1836 783 1858 seu
814 1830 965 1859 rectores
995 1826 1139 1859 ecclesie
1160 1829 1189 1860 in
1212 1826 1350 1859 Krisans
1377 1836 1437 1870 pro
1458 1830 1609 1871 tempore
1631 1828 1814 1858 existentes
1835 1827 2041 1859 aministrate
2061 1824 2195 1858 fuerunt

324 1884 471 1917 exhibite
498 1885 638 1927 elargite
659 1889 689 1918 et
710 1890 878 1930 porrecte,
909 1898 1046 1931 quarum
1068 1887 1291 1932 predictarum
1314 1887 1517 1920 decimarum
1538 1886 1710 1931 pacificam
1729 1890 1761 1919 et
1781 1888 1923 1931 quietam
1945 1887 2193 1931 possessionem

324 1944 457 1989 quilibet
488 1945 706 1990 plebanorum
737 1949 768 1979 in
798 1947 945 1991 predicta
976 1947 1115 1981 Krisans
1146 1947 1259 1981 habuit
1296 1947 1454 1992 predictis
1490 1946 1692 1992 pauperibus
1732 1951 1762 1980 et
1802 1949 1948 1992 ipsorum
1987 1946 2130 1992 plebano
2165 1950 2197 1980 et

324 2009 447 2039 rectori
479 2006 650 2052 hospitalis
680 2010 711 2040 in
728 2007 876 2052 Antiqua
907 2007 1017 2041 Bruna
1039 2008 1178 2053 siugulis
1209 2011 1303 2041 annis
1325 2007 1472 2041 decimas
1493 2007 1745 2048 aministrando,
1767 2007 1955 2041 huiusmodi
1976 2009 2006 2040 in
2028 2010 2196 2041 communi

326 2069 544 2100 estimacione
573 2079 682 2100 annue
712 2079 748 2101 se
780 2068 1003 2101 extendentes
1033 2069 1072 2102 ad
1104 2072 1220 2109 viginti
1252 2079 1382 2101 marcas
1411 2078 1609 2112 grossorum
1640 2070 1854 2112 pragensium
1884 2070 2046 2101 moravici
2066 2069 2197 2100 numeri

324 2127 559 2172 possederunt.
590 2126 671 2172 quas
702 2128 772 2161 illas
803 2128 950 2162 decimas
980 2129 1118 2173 predicti
1149 2128 1279 2174 plebani
1309 2131 1339 2161 in
1361 2128 1498 2162 Crisans
1519 2133 1575 2161 aut
1593 2131 1655 2174 ipsi
1677 2139 1843 2174 pauperes
1863 2127 2002 2173 predicti
2024 2126 2196 2173 hospitalis

326 2199 388 2220 uua
410 2199 483 2220 cum
506 2198 566 2221 suo
587 2188 818 2233 dispensatore
836 2193 944 2222 tutore
974 2188 1115 2234 plebano
1137 2194 1166 2222 et
1199 2194 1331 2222 rectore
1361 2200 1378 2221 a
1408 2188 1450 2222 X.
1482 2188 1558 2222 XX.
1589 2188 1701 2222 XXX.
1728 2187 1797 2221 XL.
1828 2187 1864 2221 L.
1895 2187 1964 2221 LX.
1996 2199 2035 2221 ac
2064 2191 2197 2221 centum

323 2253 352 2280 et
385 2248 467 2281 ultra
498 2260 660 2281 annorum
692 2249 976 2282 revolucionibus.
1021 2254 1116 2294 prout
1148 2252 1178 2282 iu
1209 2252 1384 2283 autenticis
1414 2249 1517 2282 literis
1551 2248 1738 2294 privilegiis
1776 2251 2004 2282 instrumentis
2043 2251 2075 2282 et
2110 2258 2197 2294 pro—

324 2307 475 2341 cessibus
505 2309 581 2342 olim
621 2309 743 2342 domiui
782 2309 921 2355 Ruperti
961 2312 1107 2355 episcopi
1146 2310 1380 2344 ()lomucensis
1421 2314 1450 2342 et
1482 2308 1635 2342 officialis
1674 2308 1760 2342 dicte
1789 2309 1934 2342 ecclesie
1964 2307 2198 2342 Olomucensis

325 2381 362 2399 ae
393 2369 562 2402 cuiusdam
594 2369 737 2415 plebani,
757 2374 897 2415 protunc
928 2372 1069 2403 rectoris
1100 2373 1129 2403 in
1160 2371 1309 2416 predicta
1341 2370 1476 2404 Crisans
1506 2381 1545 2403 ac
1582 2372 1787 2403 notariorum
1818 2368 2024 2415 publicorum
2054 2368 2199 2414 desuper

324 2429 486 2462 confectis
526 2434 556 2463 et
597 2441 709 2463 coram
750 2430 846 2464 nobis
884 2431 1032 2475 legitime
1071 2431 1241 2476 productis
1281 2431 1374 2464 lectis
1416 2435 1447 2463 ct
1485 2432 1641 2473 ostensis,
1681 2429 1821 2463 lucidius
1852 2432 2053 2473 continetur,
2082 2431 2114 2463 in
2144 2428 2199 2462 tali

325 2493 540 2534 possessione
571 2490 721 2536 pacifica,
753 2496 785 2524 ut
810 2492 879 2535 jam
911 2490 1080 2524 hominum
1113 2494 1271 2524 memoria
1292 2502 1357 2524 non
1388 2490 1530 2524 habetur
1559 2502 1621 2524 nec
1646 2493 1815 2524 invenitur
1844 2490 1884 2523 de
1914 2492 2084 2524 contrario
2113 2500 2199 2536 pre—

323 2549 510 2583 dictorum:
549 2555 671 2594 tamen,
709 2554 858 2585 nescitur
888 2563 951 2596 quo
983 2551 1080 2585 ducte
1110 2554 1238 2597 spiritu.
1270 2556 1382 2596 partes
1413 2551 1625 2596 infrascripto
1655 2561 1719 2584 una
1749 2561 1823 2583 cum
1853 2553 1922 2584 suis
1951 2552 1983 2584 in
2013 2549 2199 2596 haclparte

327 2610 526 2653 pareialibus
566 2610 784 2656 complicibus
822 2611 932 2654 ducte‚
971 2611 1022 2644 dei
1062 2613 1181 2644 timore
1219 2614 1404 2656 postposito
1447 2622 1529 2645 ausu
1559 2611 1728 2655 sacrilego
1768 2610 1925 2644 videlicet
1962 2610 2097 2644 discreti
2134 2612 2198 2643 viri

326 2668 478 2703 dominus
510 2670 677 2704 Bohdalus
707 2672 814 2705 dictus
845 2674 875 2705 in
906 2671 1065 2717 Kinheyt‚
1096 2670 1204 2704 Janko
1235 2674 1266 2704 in
1296 2671 1488 2705 Bobrowka
1519 2672 1600 2706 alias
1640 2674 1671 2705 in
1700 2670 1929 2717 Kapylbobra,
1967 2669 2137 2705 Michahel
2164 2672 2197 2704 in
