<?xml version="1.0" encoding="UTF-8"?>
<!DOCTYPE html PUBLIC "-//W3C//DTD XHTML 1.0 Transitional//EN"
    "http://www.w3.org/TR/xhtml1/DTD/xhtml1-transitional.dtd">
<html xmlns="http://www.w3.org/1999/xhtml" xml:lang="en" lang="en">
 <head>
  <title>
</title>
<meta http-equiv="Content-Type" content="text/html;charset=utf-8" />
  <meta name='ocr-system' content='tesseract 3.04.00' />
  <meta name='ocr-capabilities' content='ocr_page ocr_carea ocr_par ocr_line ocrx_word'/>
</head>
<body>
  <div class='ocr_page' id='page_1' title='image "./codexdiplomaticu12morauoft_0494.png"; bbox 0 0 2313 3090; ppageno 0'>
   <div class='ocr_carea' id='block_1_1' title="bbox 269 166 2159 1539">
    <p class='ocr_par' dir='ltr' id='par_1_1' title="bbox 269 166 2159 1539">
     <span class='ocr_line' id='line_1_1' title="bbox 1170 166 1244 199; baseline 0 0"><span class='ocrx_word' id='word_1_1' title='bbox 1170 166 1244 199; x_wconf 62' lang='lat'>478</span> 
     </span>
     <span class='ocr_line' id='line_1_2' title="bbox 269 269 2136 319; baseline -0.003 -11"><span class='ocrx_word' id='word_1_2' title='bbox 269 277 437 319; x_wconf 71' lang='lat' dir='ltr'>religiosis</span> <span class='ocrx_word' id='word_1_3' title='bbox 477 277 508 307; x_wconf 90' lang='lat' dir='ltr'>in</span> <span class='ocrx_word' id='word_1_4' title='bbox 547 273 679 307; x_wconf 81' lang='lat' dir='ltr'>Christo</span> <span class='ocrx_word' id='word_1_5' title='bbox 720 271 906 317; x_wconf 64' lang='lat' dir='ltr'>virginibus</span> <span class='ocrx_word' id='word_1_6' title='bbox 946 271 1114 305; x_wconf 73' lang='lat' dir='ltr'>abbatisse</span> <span class='ocrx_word' id='word_1_7' title='bbox 1153 276 1185 304; x_wconf 83' lang='lat' dir='ltr'>et·</span> <span class='ocrx_word' id='word_1_8' title='bbox 1225 274 1281 304; x_wconf 92' lang='lat' dir='ltr'>toti</span> <span class='ocrx_word' id='word_1_9' title='bbox 1321 274 1502 304; x_wconf 87' lang='lat' dir='ltr'>conventui</span> <span class='ocrx_word' id='word_1_10' title='bbox 1543 274 1737 305; x_wconf 90' lang='lat' dir='ltr'>monasterii</span> <span class='ocrx_word' id='word_1_11' title='bbox 1773 270 2000 304; x_wconf 85' lang='lat' dir='ltr'>Osslaviensis</span> <span class='ocrx_word' id='word_1_12' title='bbox 2035 273 2068 302; x_wconf 85' lang='lat' dir='ltr'>et</span> <span class='ocrx_word' id='word_1_13' title='bbox 2097 269 2136 303; x_wconf 82' lang='lat' dir='ltr'>da</span> 
     </span>
     <span class='ocr_line' id='line_1_3' title="bbox 271 331 2138 377; baseline -0.002 -9"><span class='ocrx_word' id='word_1_14' title='bbox 271 346 386 368; x_wconf 89' lang='lat' dir='ltr'>manus</span> <span class='ocrx_word' id='word_1_15' title='bbox 425 334 538 367; x_wconf 88' lang='lat' dir='ltr'>fideles</span> <span class='ocrx_word' id='word_1_16' title='bbox 578 334 719 367; x_wconf 75' lang='lat' dir='ltr'>honeste</span> <span class='ocrx_word' id='word_1_17' title='bbox 758 338 908 366; x_wconf 83' lang='lat' dir='ltr'>matrone</span> <span class='ocrx_word' id='word_1_18' title='bbox 944 332 1134 377; x_wconf 79' lang='lat' dir='ltr'>Konigundi</span> <span class='ocrx_word' id='word_1_19' title='bbox 1164 331 1370 376; x_wconf 70' lang='lat' dir='ltr'>Keglinisse‚</span> <span class='ocrx_word' id='word_1_20' title='bbox 1401 334 1551 366; x_wconf 80' lang='lat' dir='ltr'>concivis</span> <span class='ocrx_word' id='word_1_21' title='bbox 1580 335 1611 365; x_wconf 90' lang='lat' dir='ltr'>in</span> <span class='ocrx_word' id='word_1_22' title='bbox 1641 331 1787 365; x_wconf 85' lang='lat' dir='ltr'>Brunna.</span> <span class='ocrx_word' id='word_1_23' title='bbox 1819 332 1962 365; x_wconf 87' lang='lat' dir='ltr'>mediam</span> <span class='ocrx_word' id='word_1_24' title='bbox 1993 341 2138 364; x_wconf 83' lang='lat' dir='ltr'>marcam</span> 
     </span>
     <span class='ocr_line' id='line_1_4' title="bbox 270 393 2159 440; baseline -0.002 -12"><span class='ocrx_word' id='word_1_25' title='bbox 270 406 466 440; x_wconf 59' lang='lat' dir='ltr'>grossorum</span> <span class='ocrx_word' id='word_1_26' title='bbox 511 395 724 428; x_wconf 79' lang='lat' dir='ltr'>denariorum</span> <span class='ocrx_word' id='word_1_27' title='bbox 768 396 983 439; x_wconf 66' lang='lat' dir='ltr'>pragensium</span> <span class='ocrx_word' id='word_1_28' title='bbox 1028 395 1193 426; x_wconf 73' lang='lat' dir='ltr'>moravici</span> <span class='ocrx_word' id='word_1_29' title='bbox 1236 395 1365 426; x_wconf 90' lang='lat' dir='ltr'>numeri</span> <span class='ocrx_word' id='word_1_30' title='bbox 1409 397 1441 426; x_wconf 89' lang='lat' dir='ltr'>et</span> <span class='ocrx_word' id='word_1_31' title='bbox 1482 395 1673 439; x_wconf 71' lang='lat' dir='ltr'>pagamenti</span> <span class='ocrx_word' id='word_1_32' title='bbox 1716 403 1776 438; x_wconf 89' lang='lat' dir='ltr'>pro</span> <span class='ocrx_word' id='word_1_33' title='bbox 1824 394 1969 437; x_wconf 83' lang='lat' dir='ltr'>quinque</span> <span class='ocrx_word' id='word_1_34' title='bbox 2016 393 2159 425; x_wconf 71' lang='lat' dir='ltr'>marcis</span> 
     </span>
     <span class='ocr_line' id='line_1_5' title="bbox 271 453 2137 499; baseline -0.002 -10"><span class='ocrx_word' id='word_1_35' title='bbox 271 467 466 494; x_wconf 59' lang='lat' dir='ltr'>grossorum</span> <span class='ocrx_word' id='word_1_36' title='bbox 507 456 719 488; x_wconf 81' lang='lat' dir='ltr'>denariorum</span> <span class='ocrx_word' id='word_1_37' title='bbox 760 460 789 487; x_wconf 86' lang='lat' dir='ltr'>et</span> <span class='ocrx_word' id='word_1_38' title='bbox 826 457 955 487; x_wconf 87' lang='lat' dir='ltr'>numeri</span> <span class='ocrx_word' id='word_1_39' title='bbox 992 454 1188 487; x_wconf 89' lang='lat' dir='ltr'>earundum.</span> <span class='ocrx_word' id='word_1_40' title='bbox 1227 464 1328 499; x_wconf 88' lang='lat' dir='ltr'>super</span> <span class='ocrx_word' id='word_1_41' title='bbox 1365 454 1463 487; x_wconf 88' lang='lat' dir='ltr'>domo</span> <span class='ocrx_word' id='word_1_42' title='bbox 1500 453 1719 487; x_wconf 81' lang='lat' dir='ltr'>habitacionis</span> <span class='ocrx_word' id='word_1_43' title='bbox 1759 457 1873 486; x_wconf 86' lang='lat' dir='ltr'>nostre</span> <span class='ocrx_word' id='word_1_44' title='bbox 1903 456 1980 486; x_wconf 88' lang='lat' dir='ltr'>ante</span> <span class='ocrx_word' id='word_1_45' title='bbox 2008 456 2137 498; x_wconf 80' lang='lat' dir='ltr'>portam</span> 
     </span>
     <span class='ocr_line' id='line_1_6' title="bbox 272 512 2137 561; baseline -0.002 -11"><span class='ocrx_word' id='word_1_46' title='bbox 272 518 516 551; x_wconf 80' lang='lat' dir='ltr'>Brunneusem.</span> <span class='ocrx_word' id='word_1_47' title='bbox 555 516 674 549; x_wconf 81' lang='lat' dir='ltr'>ibidem</span> <span class='ocrx_word' id='word_1_48' title='bbox 714 519 744 549; x_wconf 92' lang='lat' dir='ltr'>in</span> <span class='ocrx_word' id='word_1_49' title='bbox 783 515 889 561; x_wconf 85' lang='lat' dir='ltr'>platea</span> <span class='ocrx_word' id='word_1_50' title='bbox 929 518 1090 560; x_wconf 88' lang='lat' dir='ltr'>pistorum</span> <span class='ocrx_word' id='word_1_51' title='bbox 1130 526 1234 560; x_wconf 83' lang='lat' dir='ltr'>penes</span> <span class='ocrx_word' id='word_1_52' title='bbox 1277 514 1497 548; x_wconf 89' lang='lat' dir='ltr'>Laurencium</span> <span class='ocrx_word' id='word_1_53' title='bbox 1541 517 1782 560; x_wconf 89' lang='lat' dir='ltr'>pectinatorem</span> <span class='ocrx_word' id='word_1_54' title='bbox 1826 517 1857 546; x_wconf 89' lang='lat' dir='ltr'>et</span> <span class='ocrx_word' id='word_1_55' title='bbox 1901 512 2137 546; x_wconf 87' lang='lat' dir='ltr'>Chunczonem</span> 
     </span>
     <span class='ocr_line' id='line_1_7' title="bbox 272 572 2138 623; baseline -0.002 -12"><span class='ocrx_word' id='word_1_56' title='bbox 272 577 506 623; x_wconf 65' lang='lat' dir='ltr'>Sayll&#39;macher</span> <span class='ocrx_word' id='word_1_57' title='bbox 543 580 616 610; x_wconf 89' lang='lat' dir='ltr'>sita.</span> <span class='ocrx_word' id='word_1_58' title='bbox 657 581 686 610; x_wconf 87' lang='lat' dir='ltr'>et</span> <span class='ocrx_word' id='word_1_59' title='bbox 717 577 923 621; x_wconf 75' lang='lat' dir='ltr'>generaliter</span> <span class='ocrx_word' id='word_1_60' title='bbox 951 587 1052 621; x_wconf 88' lang='lat' dir='ltr'>super</span> <span class='ocrx_word' id='word_1_61' title='bbox 1081 575 1234 609; x_wconf 87' lang='lat' dir='ltr'>omnibus</span> <span class='ocrx_word' id='word_1_62' title='bbox 1264 575 1334 609; x_wconf 88' lang='lat' dir='ltr'>aliis</span> <span class='ocrx_word' id='word_1_63' title='bbox 1364 575 1460 609; x_wconf 88' lang='lat' dir='ltr'>bonis</span> <span class='ocrx_word' id='word_1_64' title='bbox 1489 579 1612 609; x_wconf 89' lang='lat' dir='ltr'>nostris</span> <span class='ocrx_word' id='word_1_65' title='bbox 1642 574 1818 608; x_wconf 84' lang='lat' dir='ltr'>mobilibus</span> <span class='ocrx_word' id='word_1_66' title='bbox 1855 579 1886 607; x_wconf 90' lang='lat' dir='ltr'>et</span> <span class='ocrx_word' id='word_1_67' title='bbox 1916 572 2138 607; x_wconf 83' lang='lat' dir='ltr'>immobilibus</span> 
     </span>
     <span class='ocr_line' id='line_1_8' title="bbox 273 634 2139 682; baseline -0.002 -11"><span class='ocrx_word' id='word_1_68' title='bbox 273 638 404 671; x_wconf 77' lang='lat' dir='ltr'>ubilibet</span> <span class='ocrx_word' id='word_1_69' title='bbox 442 638 559 671; x_wconf 87' lang='lat' dir='ltr'>habitis</span> <span class='ocrx_word' id='word_1_70' title='bbox 599 642 630 670; x_wconf 85' lang='lat' dir='ltr'>et</span> <span class='ocrx_word' id='word_1_71' title='bbox 666 637 840 675; x_wconf 62' lang='lat' dir='ltr'>habendisq</span> <span class='ocrx_word' id='word_1_72' title='bbox 872 636 1100 670; x_wconf 87' lang='lat' dir='ltr'>censuandum</span> <span class='ocrx_word' id='word_1_73' title='bbox 1131 648 1190 682; x_wconf 89' lang='lat' dir='ltr'>pro</span> <span class='ocrx_word' id='word_1_74' title='bbox 1221 636 1317 670; x_wconf 83' lang='lat' dir='ltr'>dictis</span> <span class='ocrx_word' id='word_1_75' title='bbox 1348 636 1535 682; x_wconf 78' lang='lat' dir='ltr'>virginibus</span> <span class='ocrx_word' id='word_1_76' title='bbox 1565 641 1595 670; x_wconf 91' lang='lat' dir='ltr'>et</span> <span class='ocrx_word' id='word_1_77' title='bbox 1627 637 1666 669; x_wconf 87' lang='lat' dir='ltr'>ad</span> <span class='ocrx_word' id='word_1_78' title='bbox 1699 647 1815 669; x_wconf 89' lang='lat' dir='ltr'>manus</span> <span class='ocrx_word' id='word_1_79' title='bbox 1845 634 1960 669; x_wconf 89' lang='lat' dir='ltr'>fideles</span> <span class='ocrx_word' id='word_1_80' title='bbox 1988 634 2139 680; x_wconf 85' lang='lat' dir='ltr'>predicte</span> 
     </span>
     <span class='ocr_line' id='line_1_9' title="bbox 271 695 2138 744; baseline -0.002 -12"><span class='ocrx_word' id='word_1_81' title='bbox 271 704 423 732; x_wconf 84' lang='lat' dir='ltr'>matrone</span> <span class='ocrx_word' id='word_1_82' title='bbox 461 698 651 742; x_wconf 72' lang='lat' dir='ltr'>Konigundi</span> <span class='ocrx_word' id='word_1_83' title='bbox 691 709 792 744; x_wconf 85' lang='lat' dir='ltr'>super</span> <span class='ocrx_word' id='word_1_84' title='bbox 821 698 908 731; x_wconf 87' lang='lat' dir='ltr'>festo</span> <span class='ocrx_word' id='word_1_85' title='bbox 937 701 1042 731; x_wconf 88' lang='lat' dir='ltr'>sancti</span> <span class='ocrx_word' id='word_1_86' title='bbox 1072 697 1200 743; x_wconf 79' lang='lat' dir='ltr'>Jeorgii</span> <span class='ocrx_word' id='word_1_87' title='bbox 1238 709 1323 731; x_wconf 87' lang='lat' dir='ltr'>nunc</span> <span class='ocrx_word' id='word_1_88' title='bbox 1362 701 1517 744; x_wconf 81' lang='lat' dir='ltr'>proxime.</span> <span class='ocrx_word' id='word_1_89' title='bbox 1549 702 1691 731; x_wconf 82' lang='lat' dir='ltr'>venturo</span> <span class='ocrx_word' id='word_1_90' title='bbox 1721 695 1911 741; x_wconf 89' lang='lat' dir='ltr'>incipiendo</span> <span class='ocrx_word' id='word_1_91' title='bbox 1941 700 1973 730; x_wconf 85' lang='lat' dir='ltr'>et</span> <span class='ocrx_word' id='word_1_92' title='bbox 2001 698 2050 729; x_wconf 85' lang='lat' dir='ltr'>sic</span> <span class='ocrx_word' id='word_1_93' title='bbox 2078 706 2138 741; x_wconf 91' lang='lat' dir='ltr'>pro</span> 
     </span>
     <span class='ocr_line' id='line_1_10' title="bbox 272 757 2140 804; baseline -0.001 -12"><span class='ocrx_word' id='word_1_94' title='bbox 272 760 389 793; x_wconf 82' lang='lat' dir='ltr'>codem</span> <span class='ocrx_word' id='word_1_95' title='bbox 430 763 572 793; x_wconf 90' lang='lat' dir='ltr'>termino</span> <span class='ocrx_word' id='word_1_96' title='bbox 611 763 705 793; x_wconf 88' lang='lat' dir='ltr'>annis</span> <span class='ocrx_word' id='word_1_97' title='bbox 744 760 882 804; x_wconf 60' lang='lat' dir='ltr'>singulis</span> <span class='ocrx_word' id='word_1_98' title='bbox 921 762 953 792; x_wconf 90' lang='lat' dir='ltr'>in</span> <span class='ocrx_word' id='word_1_99' title='bbox 991 759 1148 799; x_wconf 89' lang='lat' dir='ltr'>futurum,</span> <span class='ocrx_word' id='word_1_100' title='bbox 1187 762 1321 792; x_wconf 90' lang='lat' dir='ltr'>omnino</span> <span class='ocrx_word' id='word_1_101' title='bbox 1360 758 1465 792; x_wconf 88' lang='lat' dir='ltr'>libere</span> <span class='ocrx_word' id='word_1_102' title='bbox 1494 764 1525 792; x_wconf 92' lang='lat' dir='ltr'>et</span> <span class='ocrx_word' id='word_1_103' title='bbox 1555 762 1586 791; x_wconf 93' lang='lat' dir='ltr'>iu</span> <span class='ocrx_word' id='word_1_104' title='bbox 1617 763 1684 791; x_wconf 90' lang='lat' dir='ltr'>toto</span> <span class='ocrx_word' id='word_1_105' title='bbox 1714 760 1786 790; x_wconf 90' lang='lat' dir='ltr'>sine</span> <span class='ocrx_word' id='word_1_106' title='bbox 1816 759 1904 790; x_wconf 90' lang='lat' dir='ltr'>omni</span> <span class='ocrx_word' id='word_1_107' title='bbox 1934 757 2077 801; x_wconf 85' lang='lat' dir='ltr'>losunga</span> <span class='ocrx_word' id='word_1_108' title='bbox 2107 761 2140 790; x_wconf 84' lang='lat' dir='ltr'>et</span> 
     </span>
     <span class='ocr_line' id='line_1_11' title="bbox 271 817 2139 865; baseline -0.001 -12"><span class='ocrx_word' id='word_1_109' title='bbox 271 821 331 853; x_wconf 85' lang='lat' dir='ltr'>alia</span> <span class='ocrx_word' id='word_1_110' title='bbox 362 824 480 865; x_wconf 80' lang='lat' dir='ltr'>quavis</span> <span class='ocrx_word' id='word_1_111' title='bbox 511 820 764 853; x_wconf 88' lang='lat' dir='ltr'>condonacione</span> <span class='ocrx_word' id='word_1_112' title='bbox 794 823 919 853; x_wconf 82' lang='lat' dir='ltr'>civitati</span> <span class='ocrx_word' id='word_1_113' title='bbox 948 819 1139 854; x_wconf 86' lang='lat' dir='ltr'>Brunnensi</span> <span class='ocrx_word' id='word_1_114' title='bbox 1168 820 1405 865; x_wconf 81' lang='lat' dir='ltr'>quoquomodo</span> <span class='ocrx_word' id='word_1_115' title='bbox 1434 820 1648 865; x_wconf 87' lang='lat' dir='ltr'>imponenda.</span> <span class='ocrx_word' id='word_1_116' title='bbox 1680 818 1776 860; x_wconf 84' lang='lat' dir='ltr'>Quod</span> <span class='ocrx_word' id='word_1_117' title='bbox 1806 820 1833 851; x_wconf 90' lang='lat' dir='ltr'>si</span> <span class='ocrx_word' id='word_1_118' title='bbox 1860 828 1924 851; x_wconf 90' lang='lat' dir='ltr'>non</span> <span class='ocrx_word' id='word_1_119' title='bbox 1946 817 2139 856; x_wconf 76' lang='lat' dir='ltr'>fecerimus,</span> 
     </span>
     <span class='ocr_line' id='line_1_12' title="bbox 272 877 2137 927; baseline -0.002 -13"><span class='ocrx_word' id='word_1_120' title='bbox 272 886 394 914; x_wconf 80' lang='lat' dir='ltr'>extunc</span> <span class='ocrx_word' id='word_1_121' title='bbox 438 881 587 927; x_wconf 78' lang='lat' dir='ltr'>predicte</span> <span class='ocrx_word' id='word_1_122' title='bbox 631 884 782 925; x_wconf 73' lang='lat' dir='ltr'>virgines</span> <span class='ocrx_word' id='word_1_123' title='bbox 825 886 880 914; x_wconf 85' lang='lat' dir='ltr'>aut</span> <span class='ocrx_word' id='word_1_124' title='bbox 922 881 1071 926; x_wconf 85' lang='lat' dir='ltr'>predicta</span> <span class='ocrx_word' id='word_1_125' title='bbox 1115 886 1265 915; x_wconf 88' lang='lat' dir='ltr'>matrona</span> <span class='ocrx_word' id='word_1_126' title='bbox 1304 880 1513 925; x_wconf 77' lang='lat' dir='ltr'>Konigundis</span> <span class='ocrx_word' id='word_1_127' title='bbox 1552 880 1682 925; x_wconf 87' lang='lat' dir='ltr'>plenam</span> <span class='ocrx_word' id='word_1_128' title='bbox 1723 890 1783 924; x_wconf 87' lang='lat' dir='ltr'>per</span> <span class='ocrx_word' id='word_1_129' title='bbox 1821 882 1932 913; x_wconf 87' lang='lat' dir='ltr'>omnia</span> <span class='ocrx_word' id='word_1_130' title='bbox 1969 877 2137 912; x_wconf 81' lang='lat' dir='ltr'>habebunt</span> 
     </span>
     <span class='ocr_line' id='line_1_13' title="bbox 271 939 2139 987; baseline -0.001 -12"><span class='ocrx_word' id='word_1_131' title='bbox 271 947 481 987; x_wconf 89' lang='lat' dir='ltr'>potestatem.</span> <span class='ocrx_word' id='word_1_132' title='bbox 513 942 702 976; x_wconf 86' lang='lat' dir='ltr'>huiusmodi</span> <span class='ocrx_word' id='word_1_133' title='bbox 732 953 868 976; x_wconf 89' lang='lat' dir='ltr'>censum</span> <span class='ocrx_word' id='word_1_134' title='bbox 899 945 946 975; x_wconf 88' lang='lat' dir='ltr'>sic</span> <span class='ocrx_word' id='word_1_135' title='bbox 976 942 1176 987; x_wconf 77' lang='lat' dir='ltr'>neglectum.</span> <span class='ocrx_word' id='word_1_136' title='bbox 1207 945 1368 987; x_wconf 78' lang='lat' dir='ltr'>quociens</span> <span class='ocrx_word' id='word_1_137' title='bbox 1397 945 1597 986; x_wconf 90' lang='lat' dir='ltr'>oportunum</span> <span class='ocrx_word' id='word_1_138' title='bbox 1628 940 1738 973; x_wconf 85' lang='lat' dir='ltr'>fuerit.</span> <span class='ocrx_word' id='word_1_139' title='bbox 1760 942 1914 985; x_wconf 88' lang='lat' dir='ltr'>recipere</span> <span class='ocrx_word' id='word_1_140' title='bbox 1935 943 1966 973; x_wconf 85' lang='lat' dir='ltr'>et</span> <span class='ocrx_word' id='word_1_141' title='bbox 1987 939 2139 985; x_wconf 81' lang='lat' dir='ltr'>expediri</span> 
     </span>
     <span class='ocr_line' id='line_1_14' title="bbox 271 1000 2139 1048; baseline -0.002 -12"><span class='ocrx_word' id='word_1_142' title='bbox 271 1006 355 1036; x_wconf 90' lang='lat' dir='ltr'>inter</span> <span class='ocrx_word' id='word_1_143' title='bbox 388 1003 509 1047; x_wconf 87' lang='lat' dir='ltr'>judeos</span> <span class='ocrx_word' id='word_1_144' title='bbox 548 1003 602 1036; x_wconf 82' lang='lat' dir='ltr'>vel</span> <span class='ocrx_word' id='word_1_145' title='bbox 640 1002 839 1036; x_wconf 87' lang='lat' dir='ltr'>christianos</span> <span class='ocrx_word' id='word_1_146' title='bbox 870 1014 969 1048; x_wconf 82' lang='lat' dir='ltr'>supra</span> <span class='ocrx_word' id='word_1_147' title='bbox 1000 1007 1112 1036; x_wconf 89' lang='lat' dir='ltr'>nostra</span> <span class='ocrx_word' id='word_1_148' title='bbox 1142 1002 1289 1048; x_wconf 87' lang='lat' dir='ltr'>pericula</span> <span class='ocrx_word' id='word_1_149' title='bbox 1320 1006 1418 1047; x_wconf 90' lang='lat' dir='ltr'>atque</span> <span class='ocrx_word' id='word_1_150' title='bbox 1440 1001 1591 1047; x_wconf 81' lang='lat' dir='ltr'>dampna</span> <span class='ocrx_word' id='word_1_151' title='bbox 1613 1006 1645 1033; x_wconf 86' lang='lat' dir='ltr'>et</span> <span class='ocrx_word' id='word_1_152' title='bbox 1665 1012 1765 1046; x_wconf 88' lang='lat' dir='ltr'>supra</span> <span class='ocrx_word' id='word_1_153' title='bbox 1786 1003 1927 1047; x_wconf 80' lang='lat' dir='ltr'>pignora</span> <span class='ocrx_word' id='word_1_154' title='bbox 1949 1000 2139 1046; x_wconf 82' lang='lat' dir='ltr'>supradicta</span> 
     </span>
     <span class='ocr_line' id='line_1_15' title="bbox 271 1061 2138 1108; baseline -0.001 -12"><span class='ocrx_word' id='word_1_155' title='bbox 271 1066 342 1097; x_wconf 87' lang='lat' dir='ltr'>sine</span> <span class='ocrx_word' id='word_1_156' title='bbox 371 1063 518 1108; x_wconf 89' lang='lat' dir='ltr'>qualibet</span> <span class='ocrx_word' id='word_1_157' title='bbox 548 1066 578 1096; x_wconf 90' lang='lat' dir='ltr'>in</span> <span class='ocrx_word' id='word_1_158' title='bbox 616 1066 819 1096; x_wconf 85' lang='lat' dir='ltr'>contrarium</span> <span class='ocrx_word' id='word_1_159' title='bbox 850 1066 990 1096; x_wconf 82' lang='lat' dir='ltr'>accione</span> <span class='ocrx_word' id='word_1_160' title='bbox 1014 1065 1100 1107; x_wconf 90' lang='lat' dir='ltr'>juris</span> <span class='ocrx_word' id='word_1_161' title='bbox 1131 1066 1283 1097; x_wconf 90' lang='lat' dir='ltr'>canonici</span> <span class='ocrx_word' id='word_1_162' title='bbox 1313 1063 1368 1096; x_wconf 87' lang='lat' dir='ltr'>vel</span> <span class='ocrx_word' id='word_1_163' title='bbox 1398 1063 1516 1096; x_wconf 85' lang='lat' dir='ltr'>civilis.</span> <span class='ocrx_word' id='word_1_164' title='bbox 1549 1062 1629 1095; x_wconf 77' lang='lat' dir='ltr'>Cum</span> <span class='ocrx_word' id='word_1_165' title='bbox 1662 1067 1771 1095; x_wconf 86' lang='lat' dir='ltr'>autem</span> <span class='ocrx_word' id='word_1_166' title='bbox 1801 1062 2023 1104; x_wconf 76' lang='lat' dir='ltr'>voluerimus,</span> <span class='ocrx_word' id='word_1_167' title='bbox 2053 1061 2138 1107; x_wconf 90' lang='lat' dir='ltr'>quod</span> 
     </span>
     <span class='ocr_line' id='line_1_16' title="bbox 270 1124 2140 1170; baseline -0.001 -12"><span class='ocrx_word' id='word_1_168' title='bbox 270 1125 453 1170; x_wconf 88' lang='lat' dir='ltr'>predictum</span> <span class='ocrx_word' id='word_1_169' title='bbox 485 1135 621 1157; x_wconf 86' lang='lat' dir='ltr'>censum</span> <span class='ocrx_word' id='word_1_170' title='bbox 653 1135 807 1157; x_wconf 88' lang='lat' dir='ltr'>reemere</span> <span class='ocrx_word' id='word_1_171' title='bbox 836 1127 1043 1168; x_wconf 85' lang='lat' dir='ltr'>potuerimus</span> <span class='ocrx_word' id='word_1_172' title='bbox 1073 1135 1146 1157; x_wconf 90' lang='lat' dir='ltr'>cum</span> <span class='ocrx_word' id='word_1_173' title='bbox 1177 1127 1321 1170; x_wconf 87' lang='lat' dir='ltr'>quinque</span> <span class='ocrx_word' id='word_1_174' title='bbox 1351 1127 1473 1158; x_wconf 89' lang='lat' dir='ltr'>marcis</span> <span class='ocrx_word' id='word_1_175' title='bbox 1503 1134 1701 1161; x_wconf 68' lang='lat' dir='ltr'>crossorum</span> <span class='ocrx_word' id='word_1_176' title='bbox 1723 1124 1936 1157; x_wconf 88' lang='lat' dir='ltr'>denariorum</span> <span class='ocrx_word' id='word_1_177' title='bbox 1958 1127 1990 1156; x_wconf 87' lang='lat' dir='ltr'>et</span> <span class='ocrx_word' id='word_1_178' title='bbox 2009 1125 2140 1157; x_wconf 87' lang='lat' dir='ltr'>numeri</span> 
     </span>
     <span class='ocr_line' id='line_1_17' title="bbox 271 1183 2139 1231; baseline -0.001 -13"><span class='ocrx_word' id='word_1_179' title='bbox 271 1186 494 1231; x_wconf 87' lang='lat' dir='ltr'>predictorum</span> <span class='ocrx_word' id='word_1_180' title='bbox 532 1197 595 1218; x_wconf 88' lang='lat' dir='ltr'>una</span> <span class='ocrx_word' id='word_1_181' title='bbox 633 1196 705 1218; x_wconf 88' lang='lat' dir='ltr'>cum</span> <span class='ocrx_word' id='word_1_182' title='bbox 746 1196 848 1218; x_wconf 84' lang='lat' dir='ltr'>censu</span> <span class='ocrx_word' id='word_1_183' title='bbox 886 1188 958 1231; x_wconf 88' lang='lat' dir='ltr'>ipso</span> <span class='ocrx_word' id='word_1_184' title='bbox 994 1196 1054 1231; x_wconf 90' lang='lat' dir='ltr'>pro</span> <span class='ocrx_word' id='word_1_185' title='bbox 1090 1190 1160 1218; x_wconf 87' lang='lat' dir='ltr'>rata</span> <span class='ocrx_word' id='word_1_186' title='bbox 1197 1190 1356 1230; x_wconf 84' lang='lat' dir='ltr'>temporis</span> <span class='ocrx_word' id='word_1_187' title='bbox 1387 1188 1603 1229; x_wconf 75' lang='lat' dir='ltr'>contingente</span> <span class='ocrx_word' id='word_1_188' title='bbox 1633 1183 1872 1229; x_wconf 68' lang='lat' dir='ltr'>persolvendo,</span> <span class='ocrx_word' id='word_1_189' title='bbox 1902 1183 2139 1230; x_wconf 90' lang='lat' dir='ltr'>impedimento</span> 
     </span>
     <span class='ocr_line' id='line_1_18' title="bbox 271 1244 2138 1291; baseline -0.002 -11"><span class='ocrx_word' id='word_1_190' title='bbox 271 1252 300 1280; x_wconf 80' lang='lat' dir='ltr'>et</span> <span class='ocrx_word' id='word_1_191' title='bbox 346 1246 538 1279; x_wconf 86' lang='lat' dir='ltr'>difficultate</span> <span class='ocrx_word' id='word_1_192' title='bbox 581 1245 781 1290; x_wconf 76' lang='lat' dir='ltr'>quibuslibet</span> <span class='ocrx_word' id='word_1_193' title='bbox 825 1246 942 1291; x_wconf 89' lang='lat' dir='ltr'>procul</span> <span class='ocrx_word' id='word_1_194' title='bbox 985 1249 1092 1280; x_wconf 86' lang='lat' dir='ltr'>motis.</span> <span class='ocrx_word' id='word_1_195' title='bbox 1136 1246 1171 1280; x_wconf 92' lang='lat' dir='ltr'>In</span> <span class='ocrx_word' id='word_1_196' title='bbox 1216 1258 1373 1291; x_wconf 71' lang='lat' dir='ltr'>quorum⁴</span> <span class='ocrx_word' id='word_1_197' title='bbox 1400 1249 1545 1279; x_wconf 85' lang='lat' dir='ltr'>omnium</span> <span class='ocrx_word' id='word_1_198' title='bbox 1590 1248 1816 1279; x_wconf 87' lang='lat' dir='ltr'>testimonium</span> <span class='ocrx_word' id='word_1_199' title='bbox 1859 1244 2040 1290; x_wconf 84' lang='lat' dir='ltr'>prudentes</span> <span class='ocrx_word' id='word_1_200' title='bbox 2075 1246 2138 1277; x_wconf 87' lang='lat' dir='ltr'>viri</span> 
     </span>
     <span class='ocr_line' id='line_1_19' title="bbox 271 1306 2140 1353; baseline -0.001 -12"><span class='ocrx_word' id='word_1_201' title='bbox 271 1308 441 1341; x_wconf 86' lang='lat' dir='ltr'>Johaunes</span> <span class='ocrx_word' id='word_1_202' title='bbox 479 1307 629 1341; x_wconf 85' lang='lat' dir='ltr'>Lescher</span> <span class='ocrx_word' id='word_1_203' title='bbox 665 1311 696 1340; x_wconf 87' lang='lat' dir='ltr'>et</span> <span class='ocrx_word' id='word_1_204' title='bbox 735 1306 881 1341; x_wconf 86' lang='lat' dir='ltr'>Jacobus</span> <span class='ocrx_word' id='word_1_205' title='bbox 921 1307 987 1346; x_wconf 54' lang='lat' dir='ltr'>oth,</span> <span class='ocrx_word' id='word_1_206' title='bbox 1026 1312 1167 1353; x_wconf 88' lang='lat' dir='ltr'>protunc</span> <span class='ocrx_word' id='word_1_207' title='bbox 1201 1309 1301 1351; x_wconf 86' lang='lat' dir='ltr'>jurati</span> <span class='ocrx_word' id='word_1_208' title='bbox 1338 1310 1431 1340; x_wconf 83' lang='lat' dir='ltr'>cives</span> <span class='ocrx_word' id='word_1_209' title='bbox 1471 1306 1616 1340; x_wconf 86' lang='lat' dir='ltr'>Bruuue.</span> <span class='ocrx_word' id='word_1_210' title='bbox 1657 1306 1767 1351; x_wconf 80' lang='lat' dir='ltr'>sigilla</span> <span class='ocrx_word' id='word_1_211' title='bbox 1805 1316 1921 1339; x_wconf 87' lang='lat' dir='ltr'>eorum</span> <span class='ocrx_word' id='word_1_212' title='bbox 1951 1306 1991 1339; x_wconf 83' lang='lat' dir='ltr'>ad</span> <span class='ocrx_word' id='word_1_213' title='bbox 2021 1316 2140 1351; x_wconf 84' lang='lat' dir='ltr'>preces</span> 
     </span>
     <span class='ocr_line' id='line_1_20' title="bbox 270 1366 2139 1414; baseline -0.002 -10"><span class='ocrx_word' id='word_1_214' title='bbox 270 1375 403 1404; x_wconf 85' lang='lat' dir='ltr'>nostras</span> <span class='ocrx_word' id='word_1_215' title='bbox 438 1373 611 1403; x_wconf 80' lang='lat' dir='ltr'>instantes.</span> <span class='ocrx_word' id='word_1_216' title='bbox 652 1371 731 1414; x_wconf 88' lang='lat' dir='ltr'>ipsis</span> <span class='ocrx_word' id='word_1_217' title='bbox 768 1373 797 1402; x_wconf 90' lang='lat' dir='ltr'>et</span> <span class='ocrx_word' id='word_1_218' title='bbox 835 1372 983 1414; x_wconf 90' lang='lat' dir='ltr'>ipsorum</span> <span class='ocrx_word' id='word_1_219' title='bbox 1023 1368 1202 1402; x_wconf 82' lang='lat' dir='ltr'>heredibus</span> <span class='ocrx_word' id='word_1_220' title='bbox 1234 1371 1306 1402; x_wconf 86' lang='lat' dir='ltr'>sine</span> <span class='ocrx_word' id='word_1_221' title='bbox 1336 1368 1490 1413; x_wconf 88' lang='lat' dir='ltr'>dampno.</span> <span class='ocrx_word' id='word_1_222' title='bbox 1523 1366 1734 1412; x_wconf 84' lang='lat' dir='ltr'>presentibus</span> <span class='ocrx_word' id='word_1_223' title='bbox 1764 1367 2006 1413; x_wconf 85' lang='lat' dir='ltr'>appenderunt.</span> <span class='ocrx_word' id='word_1_224' title='bbox 2037 1366 2139 1400; x_wconf 91' lang='lat' dir='ltr'>Anno</span> 
     </span>
     <span class='ocr_line' id='line_1_21' title="bbox 271 1426 2137 1474; baseline -0.002 -10"><span class='ocrx_word' id='word_1_225' title='bbox 271 1432 393 1465; x_wconf 91' lang='lat' dir='ltr'>domini</span> <span class='ocrx_word' id='word_1_226' title='bbox 428 1431 602 1464; x_wconf 85' lang='lat' dir='ltr'>millesimo</span> <span class='ocrx_word' id='word_1_227' title='bbox 643 1433 879 1464; x_wconf 88' lang='lat' dir='ltr'>trecentesimo</span> <span class='ocrx_word' id='word_1_228' title='bbox 918 1432 1139 1474; x_wconf 76' lang='lat' dir='ltr'>nonagesimo</span> <span class='ocrx_word' id='word_1_229' title='bbox 1178 1440 1278 1463; x_wconf 83' lang='lat' dir='ltr'>nono.</span> <span class='ocrx_word' id='word_1_230' title='bbox 1296 1429 1378 1462; x_wconf 88' lang='lat' dir='ltr'>feria</span> <span class='ocrx_word' id='word_1_231' title='bbox 1409 1428 1555 1462; x_wconf 87' lang='lat' dir='ltr'>secunda</span> <span class='ocrx_word' id='word_1_232' title='bbox 1588 1433 1660 1473; x_wconf 91' lang='lat' dir='ltr'>post</span> <span class='ocrx_word' id='word_1_233' title='bbox 1689 1427 1810 1462; x_wconf 86' lang='lat' dir='ltr'>festum</span> <span class='ocrx_word' id='word_1_234' title='bbox 1841 1430 1947 1462; x_wconf 86' lang='lat' dir='ltr'>sancti</span> <span class='ocrx_word' id='word_1_235' title='bbox 1975 1426 2137 1462; x_wconf 70' lang='lat' dir='ltr'>‚Iohannis</span> 
     </span>
     <span class='ocr_line' id='line_1_22' title="bbox 272 1491 430 1539; baseline 0 -13"><span class='ocrx_word' id='word_1_236' title='bbox 272 1491 430 1539; x_wconf 85' lang='lat' dir='ltr'>Baptiste.</span> 
     </span>
    </p>
   </div>
   <div class='ocr_carea' id='block_1_2' title="bbox 585 1595 1458 1635">
    <p class='ocr_par' dir='ltr' id='par_1_2' title="bbox 585 1595 1458 1635">
     <span class='ocr_line' id='line_1_23' title="bbox 585 1595 1458 1635; baseline -0.001 -12"><span class='ocrx_word' id='word_1_237' title='bbox 585 1597 677 1635; x_wconf 73' lang='lat' dir='ltr'>(Orig.</span> <span class='ocrx_word' id='word_1_238' title='bbox 703 1597 785 1629; x_wconf 66' lang='lat' dir='ltr'>Pei-g.</span> <span class='ocrx_word' id='word_1_239' title='bbox 813 1598 829 1622; x_wconf 66' lang='grc' dir='ltr'><strong>ἓ</strong></span> <span class='ocrx_word' id='word_1_240' title='bbox 855 1597 881 1622; x_wconf 89' lang='lat' dir='ltr'>h.</span> <span class='ocrx_word' id='word_1_241' title='bbox 907 1596 964 1630; x_wconf 76' lang='lat' dir='ltr'>sig.</span> <span class='ocrx_word' id='word_1_242' title='bbox 990 1597 1027 1621; x_wconf 84' lang='lat' dir='ltr'>im</span> <span class='ocrx_word' id='word_1_243' title='bbox 1052 1597 1184 1622; x_wconf 74' lang='lat' dir='ltr'>Briinner</span> <span class='ocrx_word' id='word_1_244' title='bbox 1207 1595 1458 1630; x_wconf 71' lang='lat' dir='ltr'>stadt-Archive.)</span> 
     </span>
    </p>
   </div>
   <div class='ocr_carea' id='block_1_3' title="bbox 1158 1751 1266 1787">
    <p class='ocr_par' dir='ltr' id='par_1_3' title="bbox 1158 1751 1266 1787">
     <span class='ocr_line' id='line_1_24' title="bbox 1158 1751 1266 1787; baseline -0.019 0"><span class='ocrx_word' id='word_1_245' title='bbox 1158 1751 1266 1787; x_wconf 77' lang='lat'><strong>543.</strong></span> 
     </span>
    </p>
   </div>
   <div class='ocr_carea' id='block_1_4' title="bbox 275 1827 2142 1933">
    <p class='ocr_par' dir='ltr' id='par_1_4' title="bbox 275 1827 2142 1933">
     <span class='ocr_line' id='line_1_25' title="bbox 275 1827 2142 1875; baseline -0.001 -12"><span class='ocrx_word' id='word_1_246' title='bbox 275 1831 347 1864; x_wconf 75' lang='lat' dir='ltr'>Der</span> <span class='ocrx_word' id='word_1_247' title='bbox 386 1830 519 1874; x_wconf 39' lang='lat' dir='ltr'>Pru-(ser</span> <span class='ocrx_word' id='word_1_248' title='bbox 560 1830 773 1875; x_wconf 55' lang='lat' dir='ltr'>Erebischof</span> <span class='ocrx_word' id='word_1_249' title='bbox 812 1829 982 1874; x_wconf 81' lang='lat' dir='ltr'>Wolfram</span> <span class='ocrx_word' id='word_1_250' title='bbox 1018 1829 1156 1863; x_wconf 68' lang='lat' dir='ltr'>ertlaei‘lt</span> <span class='ocrx_word' id='word_1_251' title='bbox 1183 1831 1303 1865; x_wconf 77' lang='lat' dir='ltr'>denen.</span> <span class='ocrx_word' id='word_1_252' title='bbox 1336 1829 1463 1863; x_wconf 76' lang='lat' dir='ltr'>welche</span> <span class='ocrx_word' id='word_1_253' title='bbox 1493 1829 1548 1863; x_wconf 77' lang='lat' dir='ltr'>die</span> <span class='ocrx_word' id='word_1_254' title='bbox 1577 1829 1782 1862; x_wconf 67' lang='lat' dir='ltr'>Fralzmesse</span> <span class='ocrx_word' id='word_1_255' title='bbox 1812 1829 1845 1862; x_wconf 71' lang='lat' dir='ltr'>in</span> <span class='ocrx_word' id='word_1_256' title='bbox 1875 1829 1936 1862; x_wconf 84' lang='lat' dir='ltr'>der</span> <span class='ocrx_word' id='word_1_257' title='bbox 1968 1827 2142 1861; x_wconf 64' lang='lat' dir='ltr'>Olmvitzer</span> 
     </span>
     <span class='ocr_line' id='line_1_26' title="bbox 623 1889 1793 1933; baseline -0.001 -9"><span class='ocrx_word' id='word_1_258' title='bbox 623 1891 882 1925; x_wconf 70' lang='lat' dir='ltr'>Mare&#39;enlsirche</span> <span class='ocrx_word' id='word_1_259' title='bbox 911 1890 1093 1933; x_wconf 66' lang='lat' dir='ltr'>bemoken,</span> <span class='ocrx_word' id='word_1_260' title='bbox 1124 1892 1221 1924; x_wconf 76' lang='lat' dir='ltr'>einen</span> <span class='ocrx_word' id='word_1_261' title='bbox 1252 1889 1392 1924; x_wconf 79' lang='lat' dir='ltr'>Ablass.</span> <span class='ocrx_word' id='word_1_262' title='bbox 1427 1890 1483 1924; x_wconf 82' lang='lat' dir='ltr'>Dt.</span> <span class='ocrx_word' id='word_1_263' title='bbox 1515 1890 1549 1924; x_wconf 75' lang='lat'>6,</span> <span class='ocrx_word' id='word_1_264' title='bbox 1580 1889 1654 1923; x_wconf 70' lang='lat' dir='ltr'>‚lali</span> <span class='ocrx_word' id='word_1_265' title='bbox 1683 1889 1793 1923; x_wconf 86' lang='lat'><em>1399.</em></span> 
     </span>
    </p>
   </div>
   <div class='ocr_carea' id='block_1_5' title="bbox 272 1968 2141 2702">
    <p class='ocr_par' dir='ltr' id='par_1_5' title="bbox 272 1968 2141 2702">
     <span class='ocr_line' id='line_1_27' title="bbox 428 1968 2140 2033; baseline -0.001 -13"><span class='ocrx_word' id='word_1_266' title='bbox 428 1968 666 2021; x_wconf 37' lang='lat' dir='ltr'>u&#39;votframus</span> <span class='ocrx_word' id='word_1_267' title='bbox 709 1988 760 2021; x_wconf 88' lang='lat' dir='ltr'>dei</span> <span class='ocrx_word' id='word_1_268' title='bbox 791 1990 905 2032; x_wconf 79' lang='lat' dir='ltr'>gracia</span> <span class='ocrx_word' id='word_1_269' title='bbox 937 1991 1052 2021; x_wconf 84' lang='lat' dir='ltr'>sancte</span> <span class='ocrx_word' id='word_1_270' title='bbox 1095 1986 1276 2032; x_wconf 84' lang='lat' dir='ltr'>Prageusis</span> <span class='ocrx_word' id='word_1_271' title='bbox 1319 1987 1465 2020; x_wconf 85' lang='lat' dir='ltr'>ecclesie</span> <span class='ocrx_word' id='word_1_272' title='bbox 1508 1987 1797 2033; x_wconf 62' lang='lat' dir='ltr'>archiepiscopus,</span> <span class='ocrx_word' id='word_1_273' title='bbox 1836 1986 2023 2032; x_wconf 84' lang='lat' dir='ltr'>apostolice</span> <span class='ocrx_word' id='word_1_274' title='bbox 2050 1985 2140 2020; x_wconf 75' lang='lat' dir='ltr'>sedis</span> 
     </span>
     <span class='ocr_line' id='line_1_28' title="bbox 272 2043 2141 2094; baseline -0.001 -12"><span class='ocrx_word' id='word_1_275' title='bbox 272 2050 412 2093; x_wconf 73' lang='lat' dir='ltr'>legatus,</span> <span class='ocrx_word' id='word_1_276' title='bbox 445 2051 612 2082; x_wconf 76' lang='lat' dir='ltr'>universis</span> <span class='ocrx_word' id='word_1_277' title='bbox 642 2048 764 2082; x_wconf 84' lang='lat' dir='ltr'>Christi</span> <span class='ocrx_word' id='word_1_278' title='bbox 795 2047 957 2082; x_wconf 85' lang='lat' dir='ltr'>fidelihus.</span> <span class='ocrx_word' id='word_1_279' title='bbox 989 2048 1028 2081; x_wconf 92' lang='lat' dir='ltr'>ad</span> <span class='ocrx_word' id='word_1_280' title='bbox 1059 2059 1142 2094; x_wconf 89' lang='lat' dir='ltr'>quos</span> <span class='ocrx_word' id='word_1_281' title='bbox 1172 2052 1347 2094; x_wconf 82' lang='lat' dir='ltr'>presentes</span> <span class='ocrx_word' id='word_1_282' title='bbox 1377 2050 1607 2093; x_wconf 87' lang='lat' dir='ltr'>pervenerint.</span> <span class='ocrx_word' id='word_1_283' title='bbox 1638 2051 1788 2093; x_wconf 81' lang='lat' dir='ltr'>graciam</span> <span class='ocrx_word' id='word_1_284' title='bbox 1818 2051 1851 2082; x_wconf 88' lang='lat' dir='ltr'>in</span> <span class='ocrx_word' id='word_1_285' title='bbox 1880 2048 2015 2082; x_wconf 86' lang='lat' dir='ltr'>domino</span> <span class='ocrx_word' id='word_1_286' title='bbox 2043 2043 2141 2080; x_wconf 45' lang='lat' dir='ltr'>sem-¹</span> 
     </span>
     <span class='ocr_line' id='line_1_29' title="bbox 272 2108 2140 2156; baseline -0.001 -13"><span class='ocrx_word' id='word_1_287' title='bbox 272 2113 446 2156; x_wconf 82' lang='lat' dir='ltr'>piternam.</span> <span class='ocrx_word' id='word_1_288' title='bbox 478 2109 651 2143; x_wconf 79' lang='lat' dir='ltr'>Gloriosus</span> <span class='ocrx_word' id='word_1_289' title='bbox 681 2110 762 2143; x_wconf 89' lang='lat' dir='ltr'>deus</span> <span class='ocrx_word' id='word_1_290' title='bbox 792 2112 822 2142; x_wconf 91' lang='lat' dir='ltr'>in</span> <span class='ocrx_word' id='word_1_291' title='bbox 853 2112 977 2142; x_wconf 86' lang='lat' dir='ltr'>sanctis</span> <span class='ocrx_word' id='word_1_292' title='bbox 1007 2112 1074 2143; x_wconf 88' lang='lat' dir='ltr'>suis</span> <span class='ocrx_word' id='word_1_293' title='bbox 1105 2113 1136 2142; x_wconf 89' lang='lat' dir='ltr'>et</span> <span class='ocrx_word' id='word_1_294' title='bbox 1164 2112 1196 2142; x_wconf 91' lang='lat' dir='ltr'>iu</span> <span class='ocrx_word' id='word_1_295' title='bbox 1227 2111 1400 2142; x_wconf 89' lang='lat' dir='ltr'>maiestate</span> <span class='ocrx_word' id='word_1_296' title='bbox 1431 2108 1589 2142; x_wconf 85' lang='lat' dir='ltr'>mirabilis</span> <span class='ocrx_word' id='word_1_297' title='bbox 1619 2113 1649 2142; x_wconf 90' lang='lat' dir='ltr'>et</span> <span class='ocrx_word' id='word_1_298' title='bbox 1680 2112 1707 2142; x_wconf 88' lang='lat' dir='ltr'>si</span> <span class='ocrx_word' id='word_1_299' title='bbox 1737 2114 1876 2143; x_wconf 86' lang='lat' dir='ltr'>cunctos</span> <span class='ocrx_word' id='word_1_300' title='bbox 1904 2112 2039 2142; x_wconf 81' lang='lat' dir='ltr'>sanctos</span> <span class='ocrx_word' id='word_1_301' title='bbox 2065 2108 2140 2142; x_wconf 85' lang='lat' dir='ltr'>altis</span> 
     </span>
     <span class='ocr_line' id='line_1_30' title="bbox 273 2169 2141 2215; baseline -0.001 -12"><span class='ocrx_word' id='word_1_302' title='bbox 273 2172 409 2204; x_wconf 81' lang='lat' dir='ltr'>decoret</span> <span class='ocrx_word' id='word_1_303' title='bbox 449 2174 600 2215; x_wconf 60' lang='lat' dir='ltr'>insigniis</span> <span class='ocrx_word' id='word_1_304' title='bbox 639 2176 667 2204; x_wconf 87' lang='lat' dir='ltr'>et</span> <span class='ocrx_word' id='word_1_305' title='bbox 706 2171 841 2204; x_wconf 78' lang='lat' dir='ltr'>celestis</span> <span class='ocrx_word' id='word_1_306' title='bbox 879 2170 1001 2204; x_wconf 83' lang='lat' dir='ltr'>efficiat</span> <span class='ocrx_word' id='word_1_307' title='bbox 1036 2169 1222 2203; x_wconf 80' lang='lat' dir='ltr'>beatudinis</span> <span class='ocrx_word' id='word_1_308' title='bbox 1253 2180 1481 2214; x_wconf 65' lang='lat' dir='ltr'>possessores,</span> <span class='ocrx_word' id='word_1_309' title='bbox 1512 2169 1673 2214; x_wconf 85' lang='lat' dir='ltr'>peculiari</span> <span class='ocrx_word' id='word_1_310' title='bbox 1703 2174 1812 2204; x_wconf 85' lang='lat' dir='ltr'>tamen</span> <span class='ocrx_word' id='word_1_311' title='bbox 1842 2169 1986 2215; x_wconf 86' lang='lat' dir='ltr'>quadam</span> <span class='ocrx_word' id='word_1_312' title='bbox 2015 2179 2141 2215; x_wconf 87' lang='lat' dir='ltr'>prero-</span> 
     </span>
     <span class='ocr_line' id='line_1_31' title="bbox 272 2229 2140 2277; baseline -0.001 -12"><span class='ocrx_word' id='word_1_313' title='bbox 272 2235 384 2277; x_wconf 71' lang='lat' dir='ltr'>gativa</span> <span class='ocrx_word' id='word_1_314' title='bbox 416 2232 658 2264; x_wconf 77' lang='lat' dir='ltr'>excelleucium</span> <span class='ocrx_word' id='word_1_315' title='bbox 691 2235 885 2265; x_wconf 83' lang='lat' dir='ltr'>meritorum</span> <span class='ocrx_word' id='word_1_316' title='bbox 916 2235 1057 2264; x_wconf 84' lang='lat' dir='ltr'>matrem</span> <span class='ocrx_word' id='word_1_317' title='bbox 1087 2242 1177 2264; x_wconf 87' lang='lat' dir='ltr'>suam</span> <span class='ocrx_word' id='word_1_318' title='bbox 1210 2230 1338 2263; x_wconf 88' lang='lat' dir='ltr'>beatam</span> <span class='ocrx_word' id='word_1_319' title='bbox 1369 2229 1508 2264; x_wconf 85' lang='lat' dir='ltr'>Mariam</span> <span class='ocrx_word' id='word_1_320' title='bbox 1540 2233 1706 2275; x_wconf 69' lang='lat' dir='ltr'>virginem</span> <span class='ocrx_word' id='word_1_321' title='bbox 1728 2230 1937 2264; x_wconf 87' lang='lat' dir='ltr'>benedictam</span> <span class='ocrx_word' id='word_1_322' title='bbox 1960 2229 2140 2264; x_wconf 82' lang='lat' dir='ltr'>maioribus</span> 
     </span>
     <span class='ocr_line' id='line_1_32' title="bbox 273 2291 2141 2334; baseline -0.001 -8"><span class='ocrx_word' id='word_1_323' title='bbox 273 2293 387 2326; x_wconf 89' lang='lat' dir='ltr'>attollit</span> <span class='ocrx_word' id='word_1_324' title='bbox 426 2295 577 2334; x_wconf 60' lang='lat' dir='ltr'>insigniis¹</span> <span class='ocrx_word' id='word_1_325' title='bbox 616 2298 646 2326; x_wconf 76' lang='lat' dir='ltr'>et</span> <span class='ocrx_word' id='word_1_326' title='bbox 683 2292 805 2326; x_wconf 80' lang='lat' dir='ltr'>Christi</span> <span class='ocrx_word' id='word_1_327' title='bbox 837 2292 952 2326; x_wconf 76' lang='lat' dir='ltr'>fideles</span> <span class='ocrx_word' id='word_1_328' title='bbox 982 2292 1022 2325; x_wconf 89' lang='lat' dir='ltr'>ad</span> <span class='ocrx_word' id='word_1_329' title='bbox 1053 2291 1273 2325; x_wconf 83' lang='lat' dir='ltr'>devocionem</span> <span class='ocrx_word' id='word_1_330' title='bbox 1305 2296 1335 2324; x_wconf 80' lang='lat' dir='ltr'>et</span> <span class='ocrx_word' id='word_1_331' title='bbox 1366 2294 1573 2325; x_wconf 87' lang='lat' dir='ltr'>incrementa</span> <span class='ocrx_word' id='word_1_332' title='bbox 1607 2295 1764 2325; x_wconf 78' lang='lat' dir='ltr'>virtutum</span> <span class='ocrx_word' id='word_1_333' title='bbox 1795 2295 1866 2326; x_wconf 87' lang='lat' dir='ltr'>eius</span> <span class='ocrx_word' id='word_1_334' title='bbox 1894 2293 2141 2326; x_wconf 86' lang='lat' dir='ltr'>intercessione</span> 
     </span>
     <span class='ocr_line' id='line_1_33' title="bbox 272 2352 2141 2399; baseline -0.001 -12"><span class='ocrx_word' id='word_1_335' title='bbox 272 2356 433 2387; x_wconf 76' lang='lat' dir='ltr'>incitavit.</span> <span class='ocrx_word' id='word_1_336' title='bbox 475 2353 564 2386; x_wconf 76' lang='lat' dir='ltr'>Sanc</span> <span class='ocrx_word' id='word_1_337' title='bbox 603 2357 806 2399; x_wconf 63' lang='lat' dir='ltr'>accepimus„</span> <span class='ocrx_word' id='word_1_338' title='bbox 846 2353 931 2399; x_wconf 91' lang='lat' dir='ltr'>quod</span> <span class='ocrx_word' id='word_1_339' title='bbox 972 2356 1003 2387; x_wconf 89' lang='lat' dir='ltr'>in</span> <span class='ocrx_word' id='word_1_340' title='bbox 1043 2353 1188 2386; x_wconf 87' lang='lat' dir='ltr'>ecclesia</span> <span class='ocrx_word' id='word_1_341' title='bbox 1228 2352 1428 2398; x_wconf 84' lang='lat' dir='ltr'>parrochiali</span> <span class='ocrx_word' id='word_1_342' title='bbox 1465 2354 1614 2387; x_wconf 81' lang='lat' dir='ltr'>eiusdem</span> <span class='ocrx_word' id='word_1_343' title='bbox 1654 2353 1751 2387; x_wconf 83' lang='lat' dir='ltr'>beate</span> <span class='ocrx_word' id='word_1_344' title='bbox 1788 2353 1895 2388; x_wconf 87' lang='lat' dir='ltr'>Marie</span> <span class='ocrx_word' id='word_1_345' title='bbox 1930 2354 2073 2398; x_wconf 72' lang='lat' dir='ltr'>virginis</span> <span class='ocrx_word' id='word_1_346' title='bbox 2109 2354 2141 2386; x_wconf 89' lang='lat' dir='ltr'>in</span> 
     </span>
     <span class='ocr_line' id='line_1_34' title="bbox 273 2413 2140 2460; baseline -0.001 -13"><span class='ocrx_word' id='word_1_347' title='bbox 273 2413 430 2459; x_wconf 86' lang='lat' dir='ltr'>preurbio</span> <span class='ocrx_word' id='word_1_348' title='bbox 470 2417 614 2447; x_wconf 78' lang='lat' dir='ltr'>civitatis</span> <span class='ocrx_word' id='word_1_349' title='bbox 654 2415 899 2452; x_wconf 57' lang='lat' dir='ltr'>Olomucensisq</span> <span class='ocrx_word' id='word_1_350' title='bbox 939 2413 1035 2447; x_wconf 90' lang='lat' dir='ltr'>nobis</span> <span class='ocrx_word' id='word_1_351' title='bbox 1069 2415 1146 2458; x_wconf 87' lang='lat' dir='ltr'>jure</span> <span class='ocrx_word' id='word_1_352' title='bbox 1184 2413 1367 2459; x_wconf 84' lang='lat' dir='ltr'>legacionis</span> <span class='ocrx_word' id='word_1_353' title='bbox 1403 2413 1563 2448; x_wconf 84' lang='lat' dir='ltr'>subiecta.</span> <span class='ocrx_word' id='word_1_354' title='bbox 1594 2415 1734 2460; x_wconf 83' lang='lat' dir='ltr'>singulis</span> <span class='ocrx_word' id='word_1_355' title='bbox 1765 2414 1882 2449; x_wconf 85' lang='lat' dir='ltr'>diebus</span> <span class='ocrx_word' id='word_1_356' title='bbox 1911 2424 2010 2448; x_wconf 87' lang='lat' dir='ltr'>mane</span> <span class='ocrx_word' id='word_1_357' title='bbox 2040 2416 2140 2447; x_wconf 88' lang='lat' dir='ltr'>missa</span> 
     </span>
     <span class='ocr_line' id='line_1_35' title="bbox 273 2473 2141 2520; baseline 0 -13"><span class='ocrx_word' id='word_1_358' title='bbox 273 2475 312 2508; x_wconf 84' lang='lat' dir='ltr'>de</span> <span class='ocrx_word' id='word_1_359' title='bbox 349 2475 465 2507; x_wconf 85' lang='lat' dir='ltr'>eadem</span> <span class='ocrx_word' id='word_1_360' title='bbox 506 2474 601 2508; x_wconf 83' lang='lat' dir='ltr'>beata</span> <span class='ocrx_word' id='word_1_361' title='bbox 640 2475 744 2509; x_wconf 84' lang='lat' dir='ltr'>Maria</span> <span class='ocrx_word' id='word_1_362' title='bbox 784 2478 917 2519; x_wconf 59' lang='lat' dir='ltr'>virg-ine</span> <span class='ocrx_word' id='word_1_363' title='bbox 953 2475 1102 2520; x_wconf 72' lang='lat' dir='ltr'>gloriosa</span> <span class='ocrx_word' id='word_1_364' title='bbox 1141 2474 1201 2508; x_wconf 92' lang='lat' dir='ltr'>sub</span> <span class='ocrx_word' id='word_1_365' title='bbox 1231 2479 1307 2508; x_wconf 86' lang='lat' dir='ltr'>nota</span> <span class='ocrx_word' id='word_1_366' title='bbox 1337 2474 1555 2520; x_wconf 85' lang='lat' dir='ltr'>solempniter</span> <span class='ocrx_word' id='word_1_367' title='bbox 1584 2476 1790 2518; x_wconf 84' lang='lat' dir='ltr'>decantatur,</span> <span class='ocrx_word' id='word_1_368' title='bbox 1821 2475 1860 2509; x_wconf 89' lang='lat' dir='ltr'>ad</span> <span class='ocrx_word' id='word_1_369' title='bbox 1891 2486 1989 2520; x_wconf 86' lang='lat' dir='ltr'>quam</span> <span class='ocrx_word' id='word_1_370' title='bbox 2019 2473 2141 2508; x_wconf 83' lang='lat' dir='ltr'>Christi</span> 
     </span>
     <span class='ocr_line' id='line_1_36' title="bbox 274 2534 2140 2582; baseline -0.001 -13"><span class='ocrx_word' id='word_1_371' title='bbox 274 2535 388 2569; x_wconf 81' lang='lat' dir='ltr'>fideles</span> <span class='ocrx_word' id='word_1_372' title='bbox 409 2546 451 2568; x_wconf 81' lang='lat' dir='ltr'>ex</span> <span class='ocrx_word' id='word_1_373' title='bbox 474 2536 661 2569; x_wconf 70' lang='lat' dir='ltr'>devocione</span> <span class='ocrx_word' id='word_1_374' title='bbox 682 2539 867 2570; x_wconf 78' lang='lat' dir='ltr'>convenii-c</span> <span class='ocrx_word' id='word_1_375' title='bbox 888 2539 1148 2570; x_wconf 83' lang='lat' dir='ltr'>consueverunt.</span> <span class='ocrx_word' id='word_1_376' title='bbox 1179 2534 1248 2568; x_wconf 84' lang='lat' dir='ltr'>Nos</span> <span class='ocrx_word' id='word_1_377' title='bbox 1265 2538 1437 2581; x_wconf 83' lang='lat' dir='ltr'>cupientes</span> <span class='ocrx_word' id='word_1_378' title='bbox 1467 2535 1603 2570; x_wconf 86' lang='lat' dir='ltr'>eosdem</span> <span class='ocrx_word' id='word_1_379' title='bbox 1635 2536 1757 2570; x_wconf 86' lang='lat' dir='ltr'>Christi</span> <span class='ocrx_word' id='word_1_380' title='bbox 1787 2536 1903 2571; x_wconf 83' lang='lat' dir='ltr'>fideles</span> <span class='ocrx_word' id='word_1_381' title='bbox 1932 2539 1964 2570; x_wconf 90' lang='lat' dir='ltr'>in</span> <span class='ocrx_word' id='word_1_382' title='bbox 1993 2538 2140 2582; x_wconf 90' lang='lat' dir='ltr'>ipsorum</span> 
     </span>
     <span class='ocr_line' id='line_1_37' title="bbox 273 2595 2141 2643; baseline 0 -14"><span class='ocrx_word' id='word_1_383' title='bbox 273 2595 426 2629; x_wconf 86' lang='lat' dir='ltr'>laudabili</span> <span class='ocrx_word' id='word_1_384' title='bbox 466 2599 636 2641; x_wconf 83' lang='lat' dir='ltr'>proposito</span> <span class='ocrx_word' id='word_1_385' title='bbox 675 2596 875 2630; x_wconf 78' lang='lat' dir='ltr'>confirmare</span> <span class='ocrx_word' id='word_1_386' title='bbox 913 2608 952 2629; x_wconf 87' lang='lat' dir='ltr'>ac</span> <span class='ocrx_word' id='word_1_387' title='bbox 990 2596 1085 2629; x_wconf 87' lang='lat' dir='ltr'>donis</span> <span class='ocrx_word' id='word_1_388' title='bbox 1121 2595 1345 2642; x_wconf 89' lang='lat' dir='ltr'>spiritualibus</span> <span class='ocrx_word' id='word_1_389' title='bbox 1384 2599 1474 2642; x_wconf 87' lang='lat' dir='ltr'>ipsos</span> <span class='ocrx_word' id='word_1_390' title='bbox 1513 2598 1551 2631; x_wconf 89' lang='lat' dir='ltr'>ad</span> <span class='ocrx_word' id='word_1_391' title='bbox 1582 2597 1892 2643; x_wconf 86' lang='lat' dir='ltr'>frequentacionem</span> <span class='ocrx_word' id='word_1_392' title='bbox 1922 2597 2011 2631; x_wconf 84' lang='lat' dir='ltr'>dicte</span> <span class='ocrx_word' id='word_1_393' title='bbox 2039 2598 2141 2630; x_wconf 88' lang='lat' dir='ltr'>misse</span> 
     </span>
     <span class='ocr_line' id='line_1_38' title="bbox 273 2655 2141 2702; baseline 0.001 -13"><span class='ocrx_word' id='word_1_394' title='bbox 273 2659 424 2700; x_wconf 63' lang='lat' dir='ltr'>incitare„</span> <span class='ocrx_word' id='word_1_395' title='bbox 462 2667 521 2701; x_wconf 86' lang='lat' dir='ltr'>pro</span> <span class='ocrx_word' id='word_1_396' title='bbox 559 2660 704 2702; x_wconf 88' lang='lat' dir='ltr'>ipsorum</span> <span class='ocrx_word' id='word_1_397' title='bbox 740 2657 977 2691; x_wconf 87' lang='lat' dir='ltr'>consolacione</span> <span class='ocrx_word' id='word_1_398' title='bbox 1013 2668 1052 2690; x_wconf 87' lang='lat' dir='ltr'>ac</span> <span class='ocrx_word' id='word_1_399' title='bbox 1081 2659 1264 2690; x_wconf 85' lang='lat' dir='ltr'>animarum</span> <span class='ocrx_word' id='word_1_400' title='bbox 1300 2658 1406 2691; x_wconf 85' lang='lat' dir='ltr'>salute</span> <span class='ocrx_word' id='word_1_401' title='bbox 1444 2660 1598 2691; x_wconf 86' lang='lat' dir='ltr'>vivorum</span> <span class='ocrx_word' id='word_1_402' title='bbox 1638 2663 1670 2692; x_wconf 84' lang='lat' dir='ltr'>et</span> <span class='ocrx_word' id='word_1_403' title='bbox 1712 2658 1944 2693; x_wconf 85' lang='lat' dir='ltr'>defunctorum</span> <span class='ocrx_word' id='word_1_404' title='bbox 1987 2655 2141 2692; x_wconf 83' lang='lat' dir='ltr'>omnihus</span> 
     </span>
    </p>
   </div>
   <div class='ocr_carea' id='block_1_6' title="bbox 2256 0 2313 3090">
    <p class='ocr_par' dir='ltr' id='par_1_6' title="bbox 2256 0 2313 3090">
     <span class='ocr_line' id='line_1_39' title="bbox 2256 0 2313 3090; baseline 0 0"><span class='ocrx_word' id='word_1_405' title='bbox 2256 0 2313 3090; x_wconf 95' lang='lat' dir='ltr'> </span> 
     </span>
    </p>
   </div>
  </div>
 </body>
</html>
