2313 3090
1238 169 1313 203 218

336 280 442 311 sancti
472 288 580 311 amen.
611 276 681 311 Nos
710 276 883 310 ²Iohannes
913 279 1090 322 episeopus
1122 275 1357 309 Olomucensis
1386 279 1450 308 etc.
1481 274 1604 309 Actum
1627 281 1659 310 et
1687 276 1797 310 datum
1829 276 2014 310 Oloniuncz
2044 277 2096 311 die
2124 276 2212 311 beati

335 338 499 371 Jeronimi
528 349 614 371 anno
645 337 767 371 domini
800 336 937 370 134o.<⁵
969 336 1050 375 (vid.
1082 335 1119 369 B.
1152 336 1173 369 7
1203 347 1234 369 n.
1266 335 1369 377 290).
1405 357 1443 360 -
1477 337 1564 371 Acta
1594 343 1670 371 sunt
1699 337 1761 371 hec
1791 343 1822 372 et
1851 338 1938 372 facta
1968 349 2068 382 anno7
2097 338 2212 372 indic-

336 402 434 432 cione
464 403 527 432 etc.
559 398 677 444 quibus
706 409 817 443 supra.
850 397 1065 431 Presentibus
1095 398 1230 431 domino
1261 396 1444 430 Francisco
1475 397 1578 431 fratre
1614 398 1740 433 ordinis
1779 402 1884 433 sancti
1920 398 2093 432 Benedicti
2126 410 2212 444 pre-

335 463 461 493 narrati
492 462 684 493 monasterii
714 461 745 491 in
776 457 925 491 Pussmir
954 458 1174 495 confessoris„
1204 457 1346 491 Nicolao
1377 458 1464 492 dicto
1494 458 1623 492 Litther
1658 460 1818 500 altarista,
1858 459 1957 493 Petro
1997 460 2038 493 de
2068 459 2212 505 Opavia‚

338 520 543 554 VVenceslao
575 520 614 552 de
646 519 819 552 Chi-einsir
856 519 1088 553 sacerdotibus
1126 522 1274 565 pretensi
1311 522 1503 553 monasterii
1533 522 1565 553 in
1602 519 1750 554 Pussinir
1789 520 1980 566 capellanis,
2017 520 2213 555 Swachone

338 582 458 615 cliente
488 586 519 614 et
549 581 620 613 aliis
651 580 800 613 testibus.

649 685 781 719 (Auszug
806 694 856 711 aus
881 685 944 710 dem
969 685 1047 719 orig.
1072 686 1101 710 111
1126 685 1175 711 der
1199 683 1396 711 B‹;›[·ek'seheu
1421 687 1481 721 Slg,
1506 696 1534 714 11,
1561 688 1643 712 3409
1670 687 1705 712 iu)
1731 686 1822 713 miilir.
1849 673 2131 722 Laudes-Archiv&

1218 832 1328 868 226.

337 910 413 944 Der
442 910 583 955 Iylauer
613 909 862 955 Stadlpfarrer
900 911 1035 956 quittirt
1070 910 1125 944 die
1161 910 1266 944 Stadt
1301 911 1386 945 iiber
1422 911 1472 945 50
1509 909 1646 944 Sclzoclz·
1686 910 1756 951 Gru,
1793 910 1921 944 welche
1949 910 2018 944 ihm
2046 910 2211 944 sckieds-

626 970 825 1004 riclelerlielae
855 971 1047 1005 merli-aunt
1077 972 1226 1007 wurden.
1260 971 1317 1006 Dt.
1349 971 1460 1006 Selau
1490 971 1549 1005 25.
1582 971 1776 1005 December
1807 970 1917 1005 1394.

495 1047 590 1113 Ego
632 1068 859 1102 Wenceslaus
901 1073 1015 1102 rector
1057 1073 1089 1102 et
1130 1067 1291 1114 plebanus
1333 1068 1537 1114 parochialis
1580 1068 1725 1102 ecclesie
1768 1070 1801 1101 in
1842 1067 1997 1112 lglawia‚
2040 1066 2214 1113 professus

337 1132 532 1162 monasterii
563 1129 728 1163 Siloensis
758 1128 1080 1163 premonstratensis
1110 1129 1236 1163 ordinis
1266 1140 1478 1174 recognosco
1499 1132 1669 1163 universis
1690 1133 1722 1163 et
1742 1128 1883 1173 singulis
1903 1132 2080 1174 presentes
2099 1127 2214 1161 literas

336 1193 538 1236 inspecturis
568 1195 600 1224 et
628 1190 750 1233 fateor,
781 1201 835 1224 me
863 1201 925 1236 per
954 1190 1171 1224 honorabiles
1187 1189 1382 1224 Buzkonem
1412 1189 1589 1236 plebanum
1620 1190 1766 1224 ecclesie
1795 1192 1827 1223 in
1856 1189 2027 1224 Hodossin
2048 1194 2081 1223 et
2099 1188 2214 1223 Herr—

336 1262 491 1284 mannum
523 1251 669 1285 ecclesie
700 1262 774 1285 niee
804 1251 955 1297 predicte
994 1250 1195 1296 Iglaviensis
1234 1254 1521 1296 vicesgerentem‚
1559 1257 1799 1298 procuratores
1836 1262 1930 1286 meos
1967 1251 2137 1296 legitimos
2173 1250 2214 1284 ad

337 1312 402 1346 hoc
444 1315 653 1354 constitutos„
689 1315 928 1357 quinquaginta
967 1323 1160 1357 sexagenas
1198 1323 1395 1357 grossorum
1432 1316 1610 1358 pragensis
1645 1317 1779 1347 monete
1819 1323 1881 1359 pro
1917 1315 2061 1346 termino
2098 1312 2214 1346 ultimo

337 1372 460 1407 Christi
502 1376 683 1407 nativitatis
727 1376 850 1407 virtute
892 1376 1153 1419 permutacionis
1197 1373 1441 1407 honorabilium
1485 1377 1635 1408 virorum
1684 1374 1893 1408 dominorum
1942 1372 2127 1408 Cunssonis
2173 1372 2214 1406 de

338 1433 542 1467 Trzebowel
572 1434 786 1468 decretorum
818 1434 966 1467 doctoris
1003 1439 1035 1467 et
1057 1433 1187 1467 Nicolai
1227 1435 1267 1468 de
1303 1434 1453 1468 Puchnik
1484 1435 1648 1469 licenciati
1686 1438 1717 1469 in
1754 1435 1912 1478 decretis,
1953 1435 2029 1468 olim
2061 1433 2214 1468 officialis

337 1498 527 1541 pragensis,
559 1494 759 1529 arbitrorum
791 1500 821 1529 et
851 1495 1076 1529 amicabilium
1106 1499 1382 1541 compositorumq
1413 1507 1429 1529 a
1461 1496 1680 1542 prudentibus
1710 1500 1742 1530 et
1771 1496 1910 1530 famosis
1930 1498 2015 1530 viris
2037 1495 2153 1540 judice
2183 1499 2215 1528 et

332 1558 454 1600 juratis
485 1568 501 1589 a
540 1560 674 1601 totaque
714 1559 953 1589 communitate
989 1559 1133 1590 civitatis
1172 1556 1374 1601 Iglaviensis
1413 1560 1443 1590 in
1474 1562 1588 1603 parata
1626 1560 1769 1604 pecunia
1808 1561 1883 1591 actu
1921 1559 2130 1603 percepisse,
2174 1555 2215 1589 de

337 1616 592 1662 quibusquidem
623 1620 863 1662 quinquaginta
893 1620 1078 1662 sexagenis
1107 1628 1306 1661 grossorum
1345 1617 1581 1652 nichilominus
1618 1623 1650 1652 et
1686 1617 1947 1664 precedentibus
1985 1616 2215 1651 solucionibus

336 1681 368 1711 in
398 1677 527 1711 duobus
557 1681 719 1714 terminis.
750 1678 907 1711 videlicet
928 1682 1034 1712 saneti
1054 1678 1122 1711 Viti
1146 1681 1290 1712 martiris
1312 1684 1343 1712 et
1364 1682 1470 1713 sancti
1492 1678 1576 1713 Galli
1599 1679 1818 1719 confessoris„
1840 1682 1931 1713 iuxta
1953 1678 2215 1724 disposicionem

335 1742 652 1785 pronuncciacionis
689 1738 788 1772 michi
826 1742 888 1772 rite
923 1744 954 1772 et
991 1739 1211 1773 etl'ectualiter
1249 1739 1358 1783 saclis‘,
1394 1740 1607 1786 presentibus
1644 1751 1703 1774 eos
1741 1743 1844 1785 quitto
1882 1744 1915 1773 et
1949 1742 2071 1785 quittos
2109 1739 2214 1773 reddo

337 1800 528 1833 omnimode
559 1804 590 1833 et
619 1799 801 1834 absolutos.
832 1800 867 1833 In
898 1799 994 1833 fidem
1027 1804 1121 1833 cuius
1151 1801 1294 1845 sigillum
1327 1812 1435 1834 meum
1471 1804 1642 1847 proprium
1681 1800 1892 1847 presentibus
1928 1805 1979 1835 est
2016 1811 2214 1846 appensum.

337 1861 457 1894 Datum
490 1866 522 1894 et
561 1866 670 1894 actum
714 1864 744 1894 in
790 1864 995 1895 monasterio
1039 1861 1185 1895 Siloensi
1230 1861 1290 1895 sub
1334 1873 1421 1895 anno
1452 1862 1577 1896 domini
1617 1862 1792 1896 millesimo
1832 1864 2071 1895 trecentesimo
2101 1872 2214 1895 nona-

336 1925 469 1966 gesimo
499 1927 617 1967 quarto
646 1925 677 1955 in
709 1922 761 1956 die
792 1921 915 1956 Christi
945 1925 1139 1958 nativitatis.
1170 1934 1233 1968 que
1264 1923 1322 1956 fuit
1351 1922 1461 1957 XXV.
1494 1923 1546 1957 die
1577 1925 1701 1957 mensis
1731 1922 1933 1956 decembris.

649 2027 740 2062 (Orig.
766 2028 848 2062 Perg.
875 2028 899 2053 li.
926 2028 984 2062 Sig.
1009 2028 1045 2053 1111
1071 2028 1125 2062 Igl,
1152 2028 1401 2062 Stadt-Areliive..)

1227 2184 1336 2219 223.

337 2261 451 2295 ,lodolf
473 2261 664 2306 ilIarhyt-nf
689 2275 750 2295 rme
782 2263 928 2296 Maleren
959 2263 1101 2296 bet-edet
1129 2265 1161 2295 in
1191 2264 1319 2296 semem
1350 2263 1418 2295 {etad
1446 2263 1504 2295 cles
1527 2262 1684 2305 Herzoys
1714 2262 1882 2296 Albreclet
1910 2272 1976 2295 von
2009 2255 2213 2295 osterreich

402 2322 532 2355 Numen
563 2324 661 2356 einen
694 2323 1040 2357 1·fei-maeleemilia-hen
1071 2324 1219 2357 Frieden
1250 2325 1309 2357 mil
1338 2323 1517 2361 Amr-echa
1548 2322 1670 2366 IIJsnelc
1701 2324 1768 2357 und
1797 2323 1885 2357 Smessl
1912 2334 1979 2357 von
2017 2322 2153 2356 Vottau.

940 2383 997 2417 Dt.
1031 2384 1154 2417 Znaim
1184 2383 1244 2418 29.
1276 2384 1469 2417 December
1500 2383 1610 2417 1394.

491 2458 598 2512 xxvii·
627 2478 698 2514 Jost
730 2492 797 2513 von
827 2484 925 2523 gotes
954 2480 1089 2524 gnaden
1121 2480 1299 2525 marggral'
1333 2480 1398 2514 und
1439 2480 1539 2514 hei-re
1575 2493 1615 2514 zu
1655 2481 1815 2515 Merhern
1845 2480 2023 2515 bekennen
2058 2480 2214 2514 offenlich

335 2543 390 2572 init
421 2539 547 2572 diesem
578 2539 684 2574 briss'e.
722 2540 782 2573 daz
821 2544 886 2574 wir
922 2540 975 2574 sur
1014 2552 1074 2574 uns
1114 2541 1177 2574 und
1216 2542 1279 2575 alle
1320 2541 1372 2575 die
1402 2553 1523 2576 unserr
1553 2542 1616 2575 und
1648 2542 1732 2575 auch
1765 2542 1818 2575 fiir
1852 2541 1915 2576 den
1946 2540 2212 2586 hochgebornen

336 2599 464 2633 surstcn
495 2599 617 2633 herren
651 2601 856 2635 Δ1111101111611
889 2601 1060 2645 herzog-en
1091 2614 1129 2635 zu
1162 2602 1357 2636 Osterreich
1388 2607 1452 2635 etc.
1492 2614 1615 2636 unsern
1641 2602 1729 2636 libcn
1766 2603 1878 2641 ohem„
1908 2601 1975 2636 und
1996 2601 2049 2635 fur
2077 2601 2141 2635 alle
2161 2601 2215 2635 die

337 2664 466 2694 semen.
499 2661 560 2694 und
593 2662 645 2694 l'ur
674 2662 736 2695 alle
766 2662 830 2699 die.
864 2662 916 2695 die
946 2662 1051 2696 durch
1084 2674 1203 2696 unserr
1233 2662 1349 2697 beider
1365 2663 1478 2697 willon
1509 2667 1564 2696 tun
1595 2663 1659 2696 und
1690 2664 1812 2706 lusson,
1843 2665 1941 2696 einen
1976 2661 2214 2696 cristenlichen
