2313 3090
1187 161 1262 196 268

287 265 511 299 servitoribus
550 277 567 299 a
603 267 656 300 die
693 266 769 300 date
803 269 1015 313 presencium
1051 278 1157 312 usque
1195 267 1234 300 ad
1274 266 1394 301 festum
1434 268 1614 300 nativitatis
1644 264 1767 299 Christi
1796 268 1950 311 proxime
1979 269 2159 299 venturum

289 326 453 360 inclusive
484 327 677 361 duraturum
708 327 746 360 ad
778 338 838 361 nos
868 330 999 371 venire,
1029 332 1106 373 aput
1134 338 1196 361 nos
1225 329 1350 361 morari
1379 331 1412 360 et
1439 326 1535 361 nobis
1566 330 1745 361 viceversa
1775 327 1815 360 ad
1837 326 2001 360 domicilia
2023 328 2158 372 propria

290 398 443 421 remeare
473 391 601 433 possint
630 393 662 422 et
690 388 835 430 valeant5
870 388 974 422 salvis
1003 387 1104 422 rebus
1134 392 1166 421 et
1195 390 1361 434 personis„
1400 388 1523 422 nullum
1555 387 1665 421 dolum
1694 398 1754 421 seu
1785 387 1936 421 fraudem
1965 389 1998 421 in
2028 398 2068 420 eo
2097 385 2158 421 sub

289 447 396 482 verbo
426 452 521 493 regio
551 452 681 495 penitus
712 449 962 494 pretendentes.
993 448 1134 494 Propter
1163 449 1250 494 quod
1280 451 1448 483 universis
1478 454 1509 482 et
1534 449 1675 494 singulis
1696 447 1906 492 officialibus‚
1936 447 2159 483 servitoribus

289 513 320 542 et
358 508 510 543 fidelibus
545 513 668 544 nostris
706 515 823 544 tenore
861 513 1073 556 presencium
1111 508 1172 543 sub
1210 512 1295 554 regii
1331 509 1459 544 favoris
1496 509 1632 544 obtentu
1663 509 1850 543 districcius
1879 509 2078 550 inhibemus9
2118 519 2159 542 ne

289 568 452 614 prefatum
493 570 652 604 illustrem
683 570 844 604 Jodocum
885 570 1112 604 marchionem
1142 569 1309 614 Moravie,
1348 574 1530 617 principem
1569 575 1720 616 patruum
1761 575 1911 604 nostrum
1936 572 2158 612 carissimum,

287 640 328 662 ac
371 642 489 664 omnes
527 631 609 665 alios
652 634 748 676 regni
786 631 926 665 Boemie
964 631 1168 667 adherentes
1207 631 1356 666 fautores
1394 636 1425 665 et
1463 634 1650 666 servitores
1687 631 1884 674 eorundem,
1923 641 2007 676 quos
2043 641 2159 672 secum

288 690 504 725 adducendos
533 703 593 737 pro
624 692 686 726 hac
716 695 792 726 vice
831 692 1058 737 decreverint,
1094 696 1126 727 in
1156 692 1258 727 rebus
1287 697 1320 726 et
1348 692 1547 739 corporibus
1577 703 1694 726 eorum
1723 695 1921 737 inquietare,
1960 691 2159 738 perturbare

289 756 343 785 aut
365 752 545 786 molestare
566 758 761 799 presumant
781 753 1043 799 quomodolibet,
1066 755 1205 788 durante
1227 757 1368 788 termino
1389 753 1593 800 supradicto.
1614 757 1711 799 prout
1728 764 1871 798 gravem
1887 753 2158 798 indignacionem

287 817 434 846 nostram
466 814 633 847 volueriut
664 817 774 848 arcius
804 817 945 848 evitare.
1003 814 1219 849 Presencium
1251 814 1311 849 sub
1341 818 1436 859 regie
1467 819 1581 848 nostre
1610 813 1795 849 Maiestatis
1829 814 1939 860 sigillo
1969 816 2159 848 testimonio

289 874 471 908 literarum.
502 874 622 908 Datum
654 874 763 920 Prage
793 886 879 909 anno
909 875 1033 909 domini
1064 876 1241 911 millesimo
1270 878 1510 910 trecentesimo
1540 878 1762 920 nonagesimo
1783 877 1908 920 quinto,
1939 875 1991 909 die
2011 874 2159 910 secunda

288 934 499 971 Decembris.
538 946 722 980 regnorum
752 940 943 970 nostrorum
973 948 1060 970 anno
1090 936 1229 971 Boemie
1258 939 1427 971 tricesimo
1457 938 1575 978 tereiQ
1608 935 1839 969 Romanorum
1869 946 1954 969 vero
1982 938 2159 970 vicesimo.

601 1041 694 1075 (Ox-ig.
722 1041 805 1076 Perg.
837 1041 889 1067 mit
919 1042 1005 1075 hiing.
1036 1041 1094 1076 Sig.
1126 1042 1164 1068 im
1196 1052 1231 1070 m,
1264 1042 1483 1068 Laudes-Arcu.
1508 1041 1556 1067 Nr.
1590 1042 1627 1066 35
1653 1041 1753 1066 Privil.
1777 1056 1819 1059 ——
1843 1040 1905 1066 Auf
1933 1041 1984 1066 der
2016 1041 2164 1067 Plicatur:

497 1094 551 1118 Per
575 1094 721 1119 dominum
746 1094 910 1119 <Iohannem
935 1095 1035 1120 ducem
1061 1094 1259 1121 Gorlieensem
1287 1094 1458 1119 XVlaehnieo
1491 1093 1524 1119 de
1549 1093 1742 1128 VVeytemule.
1768 1108 1809 1111 —
1833 1094 1866 1118 In
1891 1093 1993 1119 dorso:
2018 1093 2053 1121 R.
2072 1093 2160 1119 VVen-

497 1145 609 1171 eeslaus
635 1146 669 1171 de
694 1145 842 1172 Olomuez.
868 1162 906 1165 —
932 1146 1060 1181 Abgedr.
1086 1146 1131 1173 bei
1156 1147 1268 1174 Pelzel:
1295 1147 1330 1172 K.
1358 1146 1478 1171 XVenzel
1501 1146 1540 1171 H.
1566 1145 1675 1171 L'rkdb.
1699 1155 1727 1179 p.
1755 1145 1795 1179 ὃ.)

1172 1310 1282 1348 289.

289 1386 458 1420 λ’ἰΙεοΙαηε
499 1386 649 1432 Bz‘scleof
678 1399 741 1421 ron
778 1388 910 1422 Olmntz
943 1392 1119 1434 9estattet,
1149 1390 1230 1423 dass
1260 1388 1361 1422 Pes-‘eh
1392 1399 1453 1422 con
1487 1387 1681 1433 Opatoeoitz
1710 1389 1774 1422 das
1803 1387 2017 1433 Leibyedae'uy
2045 1390 2160 1422 semer

386 1448 480 1481 Fran
511 1450 579 1493 auf
601 1450 708 1482 einem
738 1449 829 1494 Hofe
859 1449 916 1483 bee'
944 1450 1031 1484 Kelc
1062 1450 1267 1484 cersiehere.
1300 1449 1358 1484 Dt.
1391 1449 1620 1483 Arnoltowe'tz
1648 1448 1682 1482 8.
1715 1448 1913 1483 December
1943 1448 2054 1484 1395.

443 1523 620 1578 Nicolaus
650 1550 713 1579 etc.
744 1545 1004 1580 notumfacimus
1033 1551 1096 1580 etc.
1134 1546 1229 1588 Quod
1260 1549 1458 1581 constitutus
1489 1551 1553 1580 etc.
1592 1545 1730 1580 Pessico
1760 1546 1800 1580 de
1837 1544 2060 1592 Opathowicz
2095 1549 2159 1579 etc.

288 1605 388 1638 Anne
418 1604 606 1639 conthorali
642 1617 702 1639 sue
739 1606 888 1651 legitime
917 1610 950 1641 in
979 1612 1011 1641 et
1041 1618 1142 1654 super
1171 1611 1262 1641 curia
1293 1611 1353 1642 sita
1383 1619 1488 1654 prope
1517 1607 1651 1653 opidum
1683 1606 1797 1650 Gelcz„
1828 1618 1926 1653 quam
1956 1618 1973 1640 a
2002 1606 2100 1641 nobis
2129 1610 2162 1640 et

286 1666 431 1699 ecclesia
452 1670 567 1700 nostra
590 1666 806 1701 Olomucensi
827 1670 859 1701 in
881 1667 1015 1702 feudum
1038 1673 1128 1702 tenet
1149 1673 1181 1703 et
1201 1668 1301 1703 habel
1322 1669 1362 1703 de
1383 1671 1544 1714 presenti,
1566 1668 1788 1714 quadraginta
1810 1679 1942 1702 marcas
1961 1678 2160 1713 grossorum

288 1729 505 1772 pragensium
535 1730 697 1761 moravici
728 1731 857 1762 numeri
887 1733 918 1762 et
948 1732 1140 1775 pagamenti
1168 1741 1229 1776 pro
1258 1741 1340 1764 vera
1371 1730 1460 1773 dote,
1491 1730 1579 1775 quod
1605 1730 1795 1775 vulgariter
1823 1729 2040 1776 leipgedinge
2067 1739 2160 1762 nun—

287 1792 439 1832 cupatur,
470 1787 713 1822 demonstravit
743 1789 934 1835 designavit
963 1795 993 1823 et
1023 1790 1172 1836 legitime
1207 1791 1389 1837 deputavit„
1429 1791 1619 1837 supplicans
1656 1790 1752 1825 nobis
1789 1795 1956 1836 tamquam
1994 1791 2161 1836 superiori

287 1848 377 1882 feudi
415 1848 549 1883 domino
587 1852 680 1883 curie
718 1850 884 1884 antedicte
922 1850 1092 1885 humiliter
1133 1856 1165 1886 et
1206 1852 1342 1896 devote,
1386 1857 1549 1898 quatenus
1587 1852 1627 1886 ad
1665 1852 1834 1898 predictas
1875 1853 2160 1897 resignacionem‚

287 1909 615 1944 demonstracionem
645 1915 677 1944 et
716 1911 971 1957 deputacionem
1001 1915 1105 1958 ipsius
1134 1913 1220 1947 dotis
1257 1918 1407 1948 nostrum
1438 1924 1640 1948 consensum
1671 1912 1831 1947 adhibere
1861 1917 1893 1946 et
1921 1912 2029 1947 eidem
2058 1911 2161 1946 Anne

287 1969 479 2004 dotalicium
510 1970 699 2006 huiusmodi
729 1971 886 2006 conferre
916 1976 1105 2018 graciosius
1135 1974 1363 2019 dignaremur.
1420 1973 1490 2008 Nos
1527 1979 1590 2009 etc.
1630 1974 1669 2008 ad
1709 1974 1894 2020 predictam
1932 1973 2056 2018 dotem,
2095 1983 2160 2018 que

287 2031 481 2076 leipgeding
510 2035 711 2077 nominatur7
741 2036 830 2067 omni
860 2034 959 2068 modo
989 2039 1022 2068 et
1050 2034 1171 2079 forma‚
1201 2040 1235 2069 ut
1264 2038 1477 2082 premittitur,
1507 2040 1656 2070 nostrum
1679 2046 1883 2069 consensum
1913 2034 2029 2069 damus
2057 2033 2161 2067 beni-

287 2090 401 2125 volum
431 2095 560 2137 pariter
589 2097 825 2134 erassensum
855 2094 985 2141 sibique
1012 2096 1114 2130 Anne
1144 2096 1265 2130 dictum
1296 2096 1487 2131 dotalicium
1518 2096 1718 2131 contulimus
1747 2101 1779 2130 ut
1810 2098 1914 2130 moris
1943 2099 1994 2130 est
2018 2099 2051 2129 et
2070 2105 2160 2128 con-

288 2150 424 2186 ferimus
454 2163 515 2198 per
543 2159 719 2198 presentes
746 2155 841 2199 juxta
871 2167 999 2190 morem
1030 2162 1062 2191 et
1095 2157 1371 2202 consuetudinem
1401 2157 1605 2192 vasallorum
1644 2162 1837 2192 nostrorum
1874 2161 1907 2191 et
1945 2159 2159 2203 episcopatus

285 2216 392 2246 nostri
424 2212 671 2258 Olomucensts,
702 2219 825 2250 nostris
855 2221 886 2250 et
916 2218 1063 2251 ecclesie
1092 2223 1208 2252 nostre
1233 2217 1365 2263 juribus
1394 2223 1493 2263 atque
1522 2221 1677 2253 serviciis
1707 2230 1841 2265 semper
1870 2218 1985 2252 salvis.
2032 2216 2159 2252 Dantes

286 2278 320 2306 et
357 2274 584 2309 concedentes
622 2276 730 2309 eidem
769 2276 869 2311 Anne
906 2278 1063 2313 Ottonem
1102 2278 1242 2314 Tanfeld
1281 2284 1311 2313 et
1351 2278 1565 2313 Cunczonem
1605 2279 1645 2313 de
1682 2279 1795 2313 Smola
1830 2284 1895 2313 etc.
1934 2282 1967 2313 in
1995 2289 2098 2314 veros
2128 2282 2161 2312 et

287 2335 454 2379 legitimos
491 2340 619 2370 tutores
655 2341 719 2371 eto.
777 2338 992 2373 Presentibus
1029 2339 1193 2374 nobilibus
1232 2340 1407 2374 Laczcone
1445 2340 1486 2373 de
1516 2339 1670 2383 Cravvar‚
1710 2339 1894 2374 Wokkone
1933 2339 1974 2374 de
2003 2338 2158 2383 Crawar,

284 2394 414 2428 Jodoco
454 2396 494 2429 de
533 2396 745 2443 tVolfsberg.
782 2398 842 2433 Jan
884 2399 924 2433 de
961 2400 1113 2435 Dobruss
1151 2406 1181 2435 et
1222 2401 1294 2435 aliis
1323 2412 1419 2447 quam
1449 2400 1598 2447 pluribus
1637 2400 1788 2435 fidelibus
1818 2403 1942 2435 nostris
1971 2399 2159 2435 feudalibus

286 2455 426 2490 dilectis.
468 2456 591 2491 Harum
632 2463 695 2492 etc.
755 2459 872 2493 Datum
911 2460 1145 2495 Arnoltowicz
1185 2462 1236 2496 die
1274 2465 1511 2508 concepcionis
1541 2467 1656 2496 sancte
1685 2461 1793 2496 Marie
1823 2473 1910 2496 anno
1940 2462 2063 2496 domini
2092 2465 2157 2496 etc.

286 2520 507 2562 nonagesimo
537 2521 661 2563 quinto.

599 2621 674 2661 (Ans
699 2625 761 2651 deni
789 2626 1025 2661 Leliensquatern
1051 2628 1088 2653 ΙΙ.
1114 2638 1139 2662 p.
1167 2630 1201 2654 131
1230 2628 1267 2654 im
1292 2629 1445 2655 fiii-stvrzb.
1472 2628 1597 2654 Areliivt·
1624 2629 1651 2654 in
1678 2628 1845 2662 Kremsier.)
