2313 3090
1174 164 1247 198 492

1160 329 1268 364 554.

278 408 383 452 l'apst
419 408 570 451 Banasa:-
607 407 668 440 ΙΧ.
708 410 869 440 ornem-t
905 408 991 440 z-wee'
1020 407 1143 440 Bullen
1177 407 1294 441 Urbim
1336 408 1368 442 V.
1400 409 1467 442 und
1499 408 1616 441 Urbem
1656 407 1709 442 ΓΙ.
1738 420 1848 452 9696)]
1879 408 1934 441 die
1964 407 2144 441 Kirchen-

276 469 460 511 sebsidiyer
481 469 548 501 mul
563 468 763 512 beans'tray!
780 469 842 501 deu
862 468 1086 513 Bischofvon
1108 467 1302 513 Leitorlcvysl.
1325 470 1388 502 den
1411 468 1641 503 Sclmttenabt
1660 470 1693 501 in
1722 468 1767 503 W
1766 472 1820 502 ien
1840 469 1908 502 und
1927 469 1992 502 dent
2012 467 2145 502 Stern-

355 529 479 572 beryer
508 528 643 563 Probst.
675 530 729 562 die
758 528 954 573 Scleddz'qer
982 530 1044 563 der
1076 529 1249 563 Olnmtz-er
1279 530 1410 564 Ist'rclee
1438 532 1496 563 mic
1526 530 1812 574 Ii’z'rcleenstrafen
1842 542 1883 563 zu
1913 529 2066 574 heleyen.

904 589 961 623 Dt.
994 589 1082 623 Rom
1110 590 1145 624 8.
1176 589 1380 635 September
1411 591 1520 625 1399.

434 666 646 719 Bonifacius
683 688 862 731 episcopus
900 697 1022 719 servus
1052 697 1230 720 servorum
1262 687 1313 720 dei
1342 687 1530 721 venerabili
1561 687 1655 721 fratri
1685 690 1844 733 episcopo
1874 686 2146 721 Luthomislensi.

276 751 306 780 et
337 747 465 779 dilectis
494 746 567 779 filiis
597 745 706 779 abbati
736 746 914 780 Scotorum
946 750 976 780 in
1006 747 1153 780 Wienna
1182 758 1222 781 ac
1243 751 1413 794 preposito
1434 753 1548 782 sancte
1568 747 1675 782 Marie
1696 751 1729 781 in
1749 746 1961 792 Sternbergh
1982 758 2042 793 per
2061 758 2146 792 pre—

276 811 417 852 positum
450 808 538 840 soliti
567 807 762 852 gubernari,
792 807 1003 841 pataviensis
1033 819 1072 842 ac
1102 807 1336 843 Olomucensis
1366 810 1511 843 diocesis
1542 811 1822 842 monasteriorum
1845 808 1985 842 salutem
2007 812 2039 842 et
2058 818 2147 854 apo—

276 869 426 902 stolicam
464 868 753 902 benediccionem.
785 868 916 902 Dudum
947 869 1111 914 siquidem
1141 881 1201 915 per
1230 870 1336 904 felicis
1365 870 1617 904 recordacionis
1647 869 1819 904 Urbanum
1848 880 1968 916 papam
1998 872 2145 915 quintum

274 928 553 974 predecessorem
597 934 747 963 nostrum
785 935 936 976 accepto,
975 930 1060 975 quod
1099 931 1245 964 nonnulli
1284 932 1496 965 diversarum
1535 934 1683 976 parcium
1720 934 1889 977 principes
1933 930 2147 965 marchiones

275 989 378 1029 duces
408 992 548 1022 comites
578 989 724 1023 barones
754 994 785 1023 et
815 991 869 1024 alii
898 990 1029 1024 nobiles
1059 991 1180 1036 aliique
1209 991 1383 1029 officiales„
1413 992 1594 1026 consiliarii
1621 995 1791 1025 civitatum
1814 992 1989 1038 opidorum
2011 996 2147 1026 castro-

275 1060 347 1082 rum
387 1054 550 1083 terrarum
588 1054 620 1083 et
658 1051 797 1084 aliorum
829 1051 991 1094 locorum,
1028 1051 1150 1097 aliique
1178 1052 1254 1086 laici
1284 1057 1315 1085 et
1345 1053 1480 1086 laicales
1509 1063 1655 1098 persone
1685 1053 1867 1086 dominium
1897 1063 1956 1086 seu
1985 1051 2146 1086 iurisdic-

277 1113 406 1144 cionem
437 1114 470 1144 in
502 1111 739 1157 temporalibus
769 1111 971 1149 obtinentes.
1002 1123 1068 1146 non
1098 1113 1308 1147 attendentes
1338 1115 1423 1159 quod
1455 1113 1546 1147 laicis
1576 1117 1609 1147 in
1639 1113 1782 1147 clericos
1810 1113 1899 1147 nulla
1929 1117 1981 1147 est
2005 1112 2147 1146 atributa

276 1175 436 1216 potestas,
467 1171 611 1205 clericos
640 1177 673 1206 et
701 1172 952 1207 ecclesiasticas
981 1184 1144 1219 personas
1173 1177 1360 1208 temeritate
1390 1177 1524 1220 propria
1554 1174 1694 1208 bannire
1724 1185 1784 1208 seu
1814 1173 1972 1219 relegare
2001 1185 2041 1208 ac
2061 1184 2145 1220 pro-

277 1231 428 1265 scribere
466 1243 531 1266 non
571 1232 788 1275 verebantur,
819 1234 905 1267 idem
934 1233 1159 1279 predecessor
1187 1246 1247 1281 per
1276 1247 1354 1269 suas
1383 1235 1510 1270 litteras
1540 1246 1658 1269 omnes
1688 1240 1720 1268 et
1748 1235 1898 1280 singolos
1925 1234 2003 1269 talia
2031 1233 2147 1268 facere

276 1298 510 1338 presumentes
545 1298 599 1327 aut
629 1305 668 1327 ea
699 1294 769 1327 lieri
800 1294 996 1328 mandantes
1025 1306 1085 1329 seu
1115 1306 1230 1329 eorum
1260 1299 1394 1330 nomine
1423 1301 1455 1330 et
1485 1296 1640 1330 mandato
1669 1295 1757 1330 facta
1786 1300 1856 1330 rata
1887 1295 2062 1340 habentes⁷
2091 1295 2147 1330 vel

278 1364 317 1386 ea
347 1353 546 1388 facientibus
577 1354 694 1388 dantes
724 1355 882 1388 auxilium
914 1356 1087 1389 consilium
1118 1356 1172 1391 vel
1202 1356 1367 1401 favorem,
1412 1360 1650 1402 cuiuscumque
1689 1357 1857 1402 dignitatis
1895 1359 2147 1403 preeminencie

279 1419 385 1448 Status
420 1414 546 1459 gradus
581 1415 635 1449 vel
665 1416 873 1450 condicionis
903 1420 1101 1460 existerent,
1131 1421 1157 1452 si
1188 1418 1375 1463 singulares
1405 1429 1551 1463 persone
1580 1423 1708 1462 essent,
1738 1429 1852 1453 earum
1882 1418 2043 1453 videlicet
2072 1420 2148 1452 sin-

276 1474 384 1519 gulas„
422 1479 454 1508 et
495 1478 523 1509 si
553 1479 740 1510 communia
772 1477 825 1510 vel
854 1480 1093 1512 universitates
1122 1478 1243 1522 forent,
1274 1490 1392 1513 omnes
1422 1484 1451 1513 et
1482 1480 1633 1525 singulos
1663 1479 1844 1513 earundem
1874 1482 2146 1513 communitatum

278 1536 331 1569 vel
369 1539 624 1570 universitatum
664 1542 848 1582 potestates
878 1541 1071 1584 capitaneos
1102 1539 1230 1573 balinos
1259 1539 1414 1574 scabinos
1443 1540 1629 1574 advocatos
1658 1545 1811 1574 rectores
1840 1540 1968 1574 iudices
1998 1544 2031 1574 et
2059 1550 2148 1573 con—

279 1597 368 1630 sules
412 1608 450 1630 ac
494 1597 669 1641 officiales,
700 1610 900 1644 quocunque
943 1603 1077 1633 nomine
1116 1605 1347 1644 censerentur,
1387 1602 1598 1635 consiliarios
1638 1607 1670 1635 et
1707 1605 1857 1647 privatas
1886 1612 2064 1648 personas,
2093 1603 2147 1647 qui

279 1657 465 1691 huiusmodi
522 1658 691 1703 sacrilegii
739 1660 996 1705 principaliores
1042 1665 1231 1706 patratores
1278 1665 1475 1705 existerent,
1525 1666 1893 1697 excommunicacionis
1940 1665 2147 1697 sentenciam

278 1721 463 1754 incurrere.
502 1730 564 1753 nec
601 1731 666 1753 non
702 1720 846 1766 quelibet
884 1722 1067 1755 eorundem
1102 1726 1373 1757 communitatum
1412 1728 1443 1757 et
1472 1726 1727 1757 universitatum
1759 1724 1833 1758 talia
1863 1726 2148 1770 presumencium.

278 1782 431 1813 civitates
469 1780 567 1825 opida
602 1785 709 1815 terras
739 1786 847 1815 castra
879 1787 910 1816 et
940 1783 1002 1816 alia
1032 1783 1104 1816 loca
1135 1784 1365 1818 ecclesiastico
1395 1784 1571 1818 interdicto
1601 1784 1778 1818 subiacere
1807 1785 1914 1819 voluit
1941 1788 2015 1831 ipso
2045 1784 2147 1820 facto.

280 1844 311 1872 et
333 1840 417 1885 qnod
449 1841 557 1874 nullus
587 1842 627 1875 ab
657 1843 794 1876 eiisdem
826 1847 1006 1878 sentenciis
1023 1855 1083 1890 per
1112 1845 1212 1878 alium
1242 1856 1339 1890 quam
1369 1856 1430 1891 per
1458 1844 1646 1878 Romanum
1676 1845 1879 1891 pontificem,
1909 1850 2024 1891 preter
2049 1856 2146 1891 quam

277 1903 308 1933 in
339 1904 453 1935 mortis
483 1903 622 1936 articulo
652 1908 768 1949 posset
797 1904 939 1948 absolvi,
970 1916 1032 1938 nec
1062 1905 1273 1939 interdictum
1304 1905 1381 1939 illud
1411 1917 1471 1952 per
1500 1906 1599 1939 alium
1630 1906 1788 1940 relaxari.
1821 1906 2037 1941 Postmodum
2062 1917 2147 1942 vero

278 1972 338 2006 pro
369 1967 464 2006 parte
494 1963 692 1997 dilectorum
724 1964 865 1999 liliorum
888 1993 895 1999 .
920 1992 925 1999 .
957 1966 1074 2000 decani
1105 1971 1137 1999 et
1166 1967 1298 2012 capituli
1329 1967 1474 2000 ecclesio
1505 1966 1739 2001 Olomucensis
1761 1970 1916 2014 exposito
1939 1971 1992 2014 pie
2012 1978 2148 2002 memo-

279 2025 326 2055 rie
356 2022 492 2056 Urbano
523 2035 607 2070 pape
641 2030 738 2059 sexto
768 2028 873 2059 eciam
904 2026 1139 2072 predecessori
1169 2032 1296 2071 nostro,
1326 2028 1413 2073 quod
1444 2027 1565 2061 dudum
1597 2031 1626 2061 in
1658 2029 1857 2074 provinciali
1885 2028 2146 2074 Maguntinensi,

277 2093 349 2115 cum
390 2088 465 2116 tune
502 2085 542 2117 de
573 2083 746 2137 provincia
776 2086 1025 2131 Maguntinensi
1055 2087 1140 2121 dicta
1171 2088 1314 2122 ecclesia
1346 2088 1580 2123 Olomuccnsis
1610 2094 1711 2133 esset,
1742 2094 1774 2124 et
1803 2093 1836 2124 in
1866 2091 2148 2126 Olomucensibus

277 2144 494 2189 synodalibus
532 2148 662 2180 statutis
698 2151 730 2180 ct
768 2148 920 2182 conciliis
950 2148 1035 2182 foret
1066 2153 1222 2183 statutum
1253 2154 1285 2183 et
1314 2150 1510 2190 ordinatum,
1549 2150 1637 2195 quod
1678 2151 1945 2196 quandocunque
1982 2163 2147 2198 personas

277 2205 530 2239 exclesiastieas
560 2209 730 2240 civitatum
762 2212 793 2241 et
823 2208 967 2243 diocesis
998 2209 1084 2242 dicte
1114 2199 1288 2255 provincie
1318 2222 1357 2243 ac
1386 2213 1491 2244 eciam
1522 2214 1666 2245 civitatis
1693 2216 1724 2245 et
1746 2212 1892 2246 diocesis
1914 2212 2148 2247 Olomucensis

277 2265 411 2309 spoliari
456 2265 550 2300 bonis
593 2270 660 2301 suis
704 2279 762 2301 scu
807 2272 969 2314 captivari
1009 2273 1221 2315 contingeret
1259 2276 1411 2305 rectores
1450 2276 1481 2305 et
1520 2275 1625 2305 curati
1655 2272 1897 2318 parochialium
1927 2273 2146 2308 ecclesiarum

279 2325 440 2359 locorum.
472 2327 510 2359 ad
542 2339 605 2372 que
636 2340 782 2373 persone
812 2332 859 2363 sic
889 2333 1056 2376 captivate
1086 2342 1144 2365 seu
1174 2331 1260 2365 bona
1291 2332 1439 2377 predicta
1469 2336 1516 2366 sic
1555 2332 1662 2367 ablata
1700 2334 1947 2368 deducerentur
1975 2335 2030 2368 vel
2061 2345 2146 2381 spo-

276 2385 410 2419 liatores
455 2392 483 2419 et
528 2389 684 2433 sacrilegi
729 2389 917 2424 huiusmodi
961 2392 1179 2436 declinarent,
1219 2393 1328 2438 aliquo
1368 2394 1521 2427 mandato
1561 2397 1745 2440 superioris
1784 2406 1884 2440 super
1918 2395 1982 2429 lioc
2011 2398 2147 2429 minime

275 2451 452 2491 expectato
483 2455 655 2482 cessarent
684 2461 700 2481 a
731 2450 870 2493 divinis(
895 2452 1037 2496 quandiu
1068 2453 1146 2486 dicti
1175 2453 1374 2498 spoliatores
1405 2459 1435 2487 et
1466 2454 1623 2495 sacrilegi
1654 2467 1780 2489 moram
1812 2455 1983 2490 traherent
2011 2455 2146 2494 ibidem,

276 2511 305 2539 et
346 2507 451 2539 donec
488 2509 636 2553 predicta
677 2509 761 2543 bona
800 2512 926 2545 eisdem
962 2516 1117 2558 personis
1156 2514 1394 2548 ecclesiasticis
1424 2515 1572 2560 spoliatis
1603 2520 1715 2549 esseut
1745 2516 1953 2560 integraliter
1980 2519 2145 2556 restituta,

275 2578 314 2599 ac
335 2578 394 2612 pro
413 2568 684 2612 p;11·i‹=‹li‹·t‹›rmn
707 2571 823 2605 decani
846 2577 876 2605 et
898 2573 1031 2618 capituli
1053 2573 1161 2607 eidem
1194 2573 1328 2607 Urbano
1351 2586 1434 2620 pape
1464 2581 1561 2609 sexto
1593 2577 1828 2621 predecessori
1860 2577 2026 2611 humiliter
2055 2588 2143 2623 sup-

275 2628 407 2672 plicato.
441 2633 469 2661 ut
501 2634 622 2663 statuto
653 2636 679 2663 et
713 2632 919 2666 ordinacioni
951 2634 1109 2679 predictis
1140 2634 1241 2667 robur
1270 2636 1454 2680 apostolice
1480 2636 1751 2670 confirmacionis
1772 2637 2144 2682 adiceredignaretur:
