2313 3090
1208 176 1283 210 228

311 286 519 331 possedistis.
549 289 646 330 prout
675 286 793 317 tenetis
824 287 854 315 et
884 281 1062 327 possidetis
1091 280 1230 326 pacilice
1266 285 1298 313 et
1334 281 1457 324 quiete,
1497 283 1527 312 et
1564 282 1615 312 cui
1652 289 1712 324 per
1744 279 1955 312 sacerdotem
1986 279 2024 312 ad
2066 283 2178 312 nutum

311 351 462 380 vestrum
492 349 634 390 positum
664 349 695 377 et
725 348 870 376 amotum
901 352 961 387 pro
991 346 1142 386 tempore
1173 344 1205 374 in
1234 341 1355 375 divinis
1376 339 1541 373 deserviri
1563 339 1688 373 fecistis
1709 344 1805 384 prout
1826 340 1933 373 facitis
1959 340 1998 373 de
2020 342 2180 384 presenti,

310 418 518 453 quorumque
566 408 716 449 trigintas
748 415 789 437 ex
828 403 978 448 predicto
1016 407 1132 436 vestro
1177 404 1392 435 monasterio.
1438 404 1530 434 cuius
1573 405 1703 434 centum
1734 404 1765 432 et
1795 402 1929 445 triginta
1970 399 2180 433 marcharum

311 470 443 512 argenti
487 469 558 512 puri
603 465 740 499 fructus.
781 463 928 497 redditus
967 468 1000 496 et
1035 467 1219 509 proventus
1255 462 1436 496 secundum
1474 472 1684 495 communem
1729 463 1985 493 extimacionem
2030 461 2180 494 valorem

310 539 466 562 annuum.
486 532 517 559 ut
538 528 698 563 asseritis.r
717 536 782 558 non
800 524 981 567 excedunt,
998 535 1071 557 cnm
1090 523 1242 557 omnibus
1263 522 1387 556 iuribus
1409 527 1440 555 et
1460 525 1674 568 pertinenciis
1695 524 1762 555 suis
1783 523 1981 554 auctoritate
1999 521 2180 566 apostolica

314 594 431 622 tenore
475 589 686 632 presencium
730 589 892 631 perpetuo
935 588 1202 630 incorporamus.
1242 586 1449 617 annectimus
1488 588 1519 616 et
1556 586 1697 618 unimus.
1734 585 1775 615 ita
1816 582 1902 627 quod
1947 582 2087 616 cedente
2126 582 2181 616 vel

314 649 497 682 decedente
527 652 659 680 rectore
689 647 776 679 dicte
805 646 949 679 ecclesie
979 648 1009 679 in
1041 646 1224 690 Awspecz,
1255 647 1308 689 qui
1337 655 1424 678 nunc
1452 649 1513 687 est,
1544 648 1596 676 aut
1628 647 1731 688 ipsam
1762 643 1940 676 ecclesiam
1975 642 2056 676 alias
2092 653 2181 688 quo-

315 708 492 743 modolibet
516 708 700 741 dimittente
716 707 814 740 liceat
829 706 926 740 vobis
945 706 1154 752 corporalem
1173 709 1420 751 possessionem
1438 708 1539 750 ipsius
1557 707 1753 737 auctoritate
1770 706 1903 749 propria
1924 702 2181 749 apprehendere

313 782 352 803 ae
391 781 462 802 eam
503 773 627 801 extunc
666 772 697 801 et
735 768 854 800 dictam
893 767 1053 812 capellam
1093 777 1227 800 exnunc
1263 769 1293 799 in
1324 777 1402 799 usus
1440 770 1574 799 vestros
1613 764 1800 807 huiusmodi
1830 769 1992 810 perpetuo
2021 767 2181 807 retinere,

312 841 443 863 necnon
474 830 612 865 fructus
642 828 790 861 redditus
820 833 852 861 et
880 832 1064 873 proventus
1095 839 1208 860 earum
1238 830 1270 860 in
1300 829 1591 872 supportaciouem
1624 825 1807 858 eorundem
1839 836 1978 859 onerum
2009 825 2182 871 deputare,

312 894 484 936 ipsamque
514 889 692 923 ecclesiam
724 892 755 922 in
773 889 945 934 Awspecz
975 893 1004 921 et
1035 900 1148 922 curam
1180 887 1478 934 parrochianornm
1509 887 1671 920 eiusdem.
1689 897 1728 919 ac
1757 889 1863 919 eciam
1894 889 1997 931 ipsam
2019 886 2180 931 capellam

313 962 372 996 per
402 950 541 983 idoneos
571 950 780 991 sacerdote&
810 961 870 994 per
899 949 1100 983 abbatissam
1132 949 1208 982 dieti
1239 951 1507 994 monasteriipro
1538 952 1689 993 tempore
1719 950 1918 980 existentem
1957 946 2118 981 duntaxat
2151 951 2184 980 et

313 1011 353 1044 ad
384 1014 454 1044 eius
484 1016 596 1044 nutum
627 1010 801 1056 ponendos
831 1014 863 1043 et
892 1010 1113 1046 amovendos,
1143 1013 1216 1054 regi
1247 1010 1360 1043 facere
1389 1008 1494 1042 libere
1523 1011 1668 1054 possitis.
1699 1019 1800 1053 snper
1829 1008 1893 1042 hoc
1919 1008 2090 1043 diocesani
2118 1009 2183 1042 loci

315 1083 375 1118 pro
424 1076 573 1117 tempore
613 1074 788 1105 existentis
824 1071 879 1105 vel
917 1074 1144 1116 cuiuscunque
1180 1071 1315 1104 alterius
1354 1070 1491 1103 licencia
1531 1081 1589 1103 seu
1626 1080 1794 1103 consensu
1833 1072 1968 1103 minime
2002 1072 2181 1115 requisitis.

315 1133 362 1166 Ita
408 1137 535 1168 tamen„
578 1132 665 1177 quod
709 1135 741 1165 in
784 1132 929 1166 ecclesia
966 1132 1138 1177 Awspecz
1177 1136 1209 1164 et
1247 1131 1372 1176 capella
1409 1130 1567 1175 predictis
1605 1130 1721 1164 solitus
1759 1133 1985 1164 ministrorum
2024 1141 2183 1164 numerus

314 1194 500 1227 nullatenus
531 1196 696 1226 minuatur
726 1198 758 1226 et
787 1193 864 1226 inibi
894 1193 1105 1227 deserviatur
1135 1192 1343 1226 landabiliter
1371 1195 1402 1225 in
1433 1191 1553 1225 divinis
1580 1196 1611 1224 et
1640 1191 1829 1225 huiusmodi
1850 1203 1929 1225 cura
1951 1202 2011 1237 pro
2032 1195 2183 1237 tempore

314 1255 492 1299 diligenter
522 1259 736 1288 exerceatur.
769 1259 801 1287 ut
831 1254 900 1288 fieri
920 1254 1080 1288 hactenus
1110 1258 1158 1287 est
1189 1258 1397 1289 consuetuun
1428 1263 1558 1286 necnon
1588 1255 1658 1285 iura
1689 1252 1890 1298 episcopalia
1912 1252 2048 1286 solvere
2069 1256 2101 1286 et
2121 1252 2183 1285 alla

314 1316 458 1349 ecclesie
488 1320 520 1348 et
551 1315 678 1360 capelle
708 1315 897 1349 huiusmodi
928 1326 1031 1348 onera
1062 1319 1221 1348 consueta
1254 1316 1431 1347 teneamini
1462 1316 1594 1357 integre
1623 1318 1833 1359 supportare.
1874 1312 1947 1347 Non
1978 1312 2184 1347 obstantibus

314 1375 610 1410 eonstitucionilms
640 1381 671 1409 et
702 1376 971 1410 ordinacionibus
1002 1376 1194 1422 apostolicis
1223 1386 1354 1408 necnon
1385 1377 1513 1408 statutis
1544 1379 1575 1407 et
1604 1374 1900 1407 consuetudinibus
1931 1377 2123 1408 monasterii
2153 1379 2185 1407 et

314 1438 443 1470 ordinis
472 1437 698 1482 predictorum
729 1437 981 1482 quibuscunque
1002 1439 1179 1470 contrariis
1201 1439 1398 1475 iuramento„
1421 1434 1681 1468 confirmacione
1702 1435 1884 1480 apostolica
1907 1435 1959 1468 vel
1987 1446 2184 1481 quacunque

314 1498 467 1532 firmitate
497 1498 559 1531 alia
590 1497 767 1540 roboratis„
798 1509 857 1531 seu
887 1501 913 1531 si
942 1498 1040 1542 aliqui
1071 1508 1171 1543 super
1201 1496 1447 1542 proxisionibus
1476 1495 1536 1529 sibi
1567 1495 1729 1528 faciendis
1760 1496 1800 1529 de
1830 1496 2017 1530 huiusmodi
2037 1497 2093 1530 vel
2113 1496 2186 1530 aliis

315 1558 487 1592 beneficiis
518 1558 756 1592 ecclesiasticis
786 1561 816 1591 in
848 1558 908 1591 illis
938 1558 1084 1604 partibus
1114 1558 1278 1603 speciales
1308 1557 1361 1590 vel
1390 1557 1570 1601 generales
1600 1557 1783 1602 apostolice
1813 1557 1902 1591 sedis
1922 1557 1977 1591 vel
1998 1558 2183 1602 legatorum

315 1623 386 1652 eius
416 1620 542 1652 litteras
572 1622 791 1664 impetrarint.
823 1622 928 1652 eciam
959 1622 985 1652 si
1015 1630 1075 1664 per
1104 1630 1161 1651 eas
1191 1619 1229 1651 ad
1270 1617 1520 1661 inbibici0nem‚
1551 1622 1825 1653 reservacionem
1856 1624 1887 1652 et
1923 1619 2094 1652 decretum
2131 1618 2185 1652 vel

315 1680 395 1713 alias
425 1678 674 1724 quomodolibet
703 1683 740 1713 sit
773 1690 980 1725 processum.
1022 1680 1238 1724 quasquidem
1279 1679 1405 1712 litteras
1443 1684 1472 1712 et
1504 1691 1684 1725 processus
1722 1679 1851 1714 habitos
1890 1691 1950 1726 per
1979 1680 2114 1714 easdem
2145 1679 2185 1713 ad

314 1740 561 1786 parrochialem
593 1740 770 1773 ecclesiam
803 1745 834 1773 et
864 1740 1023 1786 capellam
1056 1740 1240 1774 huiusmodi
1271 1740 1425 1773 volumus
1455 1751 1521 1773 non
1552 1741 1700 1783 extendi,
1730 1740 1788 1773 sed
1820 1741 1943 1774 nullum
1972 1751 2033 1786 per
2053 1740 2117 1774 boc
2138 1743 2186 1774 eis

314 1812 379 1845 quo
409 1800 447 1833 ad
478 1803 731 1834 assecucionem
763 1800 1001 1834 beneficiorum
1031 1802 1170 1834 aliorum
1201 1801 1417 1846 preiudicium
1448 1804 1606 1845 generari
1644 1805 1675 1834 et
1704 1801 1904 1846 quibuslibet
1922 1802 2051 1842 litterisq
2073 1801 2186 1835 indul-

315 1864 445 1906 genciis
476 1865 508 1894 et
536 1861 721 1907 privilegiis
751 1862 943 1907 apostolicis
972 1861 1188 1906 generalibus
1219 1862 1272 1894 vel
1302 1861 1514 1907 specialibus.
1545 1874 1819 1908 quorumcunque
1846 1867 1998 1896 tenorum
2029 1865 2185 1897 existant.

316 1933 375 1967 pei·
404 1933 468 1966 que
498 1921 710 1967 presentibus
740 1934 806 1956 non
837 1934 999 1968 expressa
1030 1923 1085 1956 vel
1114 1923 1258 1956 totaliter
1297 1933 1362 1955 non
1401 1925 1524 1955 inserta
1561 1923 1699 1957 etl'ectns
1738 1935 1851 1956 earum
1889 1923 2042 1969 impediri
2075 1923 2188 1957 valeat

316 1981 564 2027 quomodolibet
594 1982 649 2016 vel
678 1982 814 2021 dill'errn
837 1988 868 2016 et
889 1983 930 2017 de
959 1982 1076 2029 quibus
1106 1994 1314 2028 quorumque
1345 1986 1421 2016 totis
1451 1982 1622 2017 tenoribus
1653 1984 1694 2017 de
1710 1983 1817 2018 verbo
1847 1984 1886 2017 ad
1909 1983 2048 2018 verbum
2071 1983 2186 2017 haberi

316 2043 435 2076 debeat
464 2046 494 2076 in
526 2046 647 2076 nostris
674 2044 793 2077 litteris
824 2047 954 2077 mencio
985 2044 1149 2090 speeialis.
1182 2043 1250 2077 Nos
1290 2047 1375 2077 euim
1415 2056 1550 2077 exnunc
1590 2047 1715 2078 irritum
1755 2045 1968 2079 decernimus
2007 2050 2040 2079 et>
2074 2048 2186 2080 inane.

316 2108 341 2137 si
372 2115 470 2137 secus
500 2115 601 2149 super
631 2103 692 2137 biis
721 2116 737 2137 a
769 2116 934 2150 quoquam
966 2108 1084 2149 quavis
1114 2108 1311 2138 auctoritate
1341 2108 1488 2138 scienter
1518 2105 1570 2138 vel
1602 2108 1797 2150 ignoranter
1840 2109 2019 2150 contigerit
2061 2110 2186 2139 attem-

317 2168 413 2210 ptari.
445 2164 530 2197 Nulli
562 2176 645 2205 ergo
675 2168 809 2198 omnino
840 2165 1007 2198 bominum
1030 2164 1242 2201 liceatliane
1273 2168 1427 2210 paginam
1458 2171 1572 2198 nostre
1602 2169 1902 2211 incorporacionis,
1928 2169 2128 2200 annexionis
2157 2171 2190 2200 et

320 2229 448 2258 unionis
480 2225 665 2269 infringere
696 2226 748 2259 vel
779 2229 807 2259 ei
837 2238 918 2260 ausu
949 2229 1128 2259 temerario
1160 2229 1338 2259 contraire.
1396 2226 1431 2259 Si
1462 2230 1534 2271 quis
1563 2231 1671 2260 autem
1704 2227 1766 2260 boe
1796 2232 1993 2273 attemptare
2028 2238 2187 2273 presum-

318 2289 419 2330 pserit
451 2286 719 2326 imlignaeioucm
751 2290 987 2332 omnipotentis
1018 2288 1069 2320 dei
1100 2292 1129 2319 et
1163 2287 1333 2320 beatorum
1366 2287 1451 2320 Petri
1482 2292 1510 2319 et
1545 2286 1632 2320 Pauli
1655 2288 1882 2333 apostolorum
1905 2290 1976 2322 eins
1997 2299 2034 2321 se
2054 2291 2189 2322 noverit

319 2350 539 2381 incursurum.
572 2347 691 2381 Datum
725 2348 830 2381 Rome
860 2349 944 2393 apud
976 2353 1127 2381 sanctum
1161 2348 1289 2381 l'etrum
1322 2348 1427 2381 idibus
1457 2348 1586 2383 Marcii.
1609 2348 1819 2393 pontificatus
1843 2351 1945 2382 nostri
1967 2360 2056 2383 anno
2076 2353 2186 2383 sexto.

630 2514 719 2547 (Urium
747 2515 826 2548 l'erg.
853 2515 899 2539 init
927 2515 992 2539 auli.
1019 2515 1121 2547 pitbstl.
1144 2514 1273 2545 llleisigel
1302 2515 1335 2539 iiii
1363 2515 1633 2541 111⁴t,=1·1‹l«·s-A1···t1.
1662 2516 1724 2541 Art.
1759 2515 1929 2547 Koniginkl.
1955 2515 1996 2540 lit.
2023 2514 2057 2541 G.
2084 2523 2109 2539 n.
2132 2513 2192 2549 17.)
