2313 3090
1024 163 1071 195 55

114 266 313 301 meniehlich
350 269 378 300 ir
416 266 522 300 arbait
558 266 624 300 und
663 266 767 299 ander
795 265 955 309 notdurft,
990 265 1121 300 fridlich
1151 265 1216 299 und
1246 265 1471 311 ungehindert
1499 263 1675 309 getrcibeu
1705 275 1841 308 mugen.
1872 264 1919 297 als
1949 267 1981 297 in

109 328 222 373 Jedem
251 327 349 361 lande
373 327 481 361 sitlich
510 327 575 361 und
601 326 795 372 gewonlich
825 330 877 361 ist.
908 327 979 361 [nd
1011 327 1070 360 des
1099 338 1139 360 zu
1168 325 1320 360 urkuude
1360 337 1398 360 so
1427 325 1536 360 haben
1567 328 1631 359 wir
1659 325 1722 358 alle
1752 325 1835 371 dre}⁷
1861 336 1983 359 unsere

114 387 286 422 furstliche
314 387 456 433 insigele
485 387 666 433 gehangen
697 399 738 421 311
769 387 830 421 den
860 387 957 421 brife.
988 387 1058 421 Der
1086 387 1196 432 geben
1226 390 1264 421 ist
1295 398 1334 420 zu
1365 385 1535 431 Presburg
1563 385 1648 420 nach
1680 384 1806 419 Cristes
1832 385 1983 431 gepurde

113 448 407 495 dreyzenhundert
436 447 583 482 darnach
622 450 655 482 in
693 448 767 482 dem
806 459 907 494 zwey
946 449 1011 482 und
1047 450 1291 493 neunzigistem
1327 448 1415 491 jare,
1459 457 1501 480 33
1531 446 1603 480 dem
1636 445 1756 480 30111011
1786 451 1863 491 tage
1893 445 1978 479 nach

113 507 336 555 Epyphanye.

425 609 519 651 (Orig.
548 614 632 647 Perg.
667 613 683 638 3
717 613 842 647 unlustig.
877 614 964 648 Insig,
998 614 1034 638 ini
1067 614 1157 642 1113111,
1189 613 1459 641 Laudes-Archive,
1483 629 1524 632 —
1556 613 1622 647 Vgl.
1656 613 1735 638 Kurz
1763 606 1867 639 Osterr.
1901 618 1984 637 unter

320 665 461 691 Albrecht
486 665 542 692 III.
568 665 606 694 ΙΙ,
633 674 659 698 p.
688 665 771 699 954.)

1011 828 1086 864 66.

116 905 280 940 Heinrich
308 916 372 939 τοιι
412 905 577 940 Neulzaus
611 905 753 939 schenkl
788 907 849 940 (Ier
886 906 1012 950 Psarre
1054 908 1085 939 ῖη
1118 905 1283 950 Zlubi'nfss
1322 907 1384 940 den
1418 906 1601 951 Lz'poleelrfj
1629 910 1824 950 yeleatmlen
1864 904 1979 949 Wald,

308 968 420 1011 wofur
449 968 502 1000 ein
533 967 753 1000 Annicersar
779 969 838 1011 fiir
868 967 936 1000 alle
966 967 1163 1011 Α111791101101
1191 969 1307 1000 sez'ner
1338 967 1483 1000 Famz'lic
1514 979 1553 1000 ει(
1582 967 1698 1001 leallen
1731 969 1784 1001 ist.

734 1027 789 1061 Dt.
825 1027 958 1061 Teltselz
992 1027 1049 1061 13.
1080 1027 1215 1061 ,Ιίίηηθν
1246 1026 1356 1061 1392.

269 1104 315 1158 ln
342 1127 478 1159 nomine
507 1124 630 1158 domini
650 1135 759 1158 amen.
790 1123 859 1158 Nos
881 1124 1046 1158 Henricus
1067 1124 1107 1157 de
1128 1123 1328 1157 Novadmno
1349 1129 1467 1158 tenore
1488 1127 1700 1169 presencium
1724 1123 1982 1158 notuinfacimus

114 1188 281 1220 universis
309 1184 522 1231 presentibus
551 1189 582 1219 et
612 1184 742 1218 futuris.
774 1185 860 1230 quod
890 1184 976 1218 11033
1007 1184 1255 1219 deliberacione
1285 1189 1315 1218 et
1346 1190 1475 1219 maturo
1506 1185 1645 1219 consilio
1674 1184 1856 1230 prehabitis
1885 1189 1985 1229 atque

111 1250 304 1280 nostrorum
339 1246 381 1280 de
417 1246 557 1279 consilio
594 1249 777 1279 amicorum
816 1249 848 1279 in
891 1248 1123 1279 remissionem
1160 1250 1376 1291 peccatorum
1412 1250 1602 1279 nostrorum
1642 1257 1680 1278 ac
1719 1244 1761 1279 ob
1800 1245 1983 1279 remedium

112 1309 297 1341 animarum
333 1307 614 1353 predecessorum
651 1312 843 1341 nostrorum
882 1307 1002 1340 dilecto
1044 1305 1139 1340 nohis
1175 1305 1349 1342 Blazkoui.
1392 1306 1534 1352 plebano
1574 1306 1797 1352 parrochialis
1839 1306 1984 1340 ecclesie

111 1372 227 1402 nostre
254 1370 288 1401 in
317 1367 490 1412 Slewings
521 1372 553 1401 01.
581 1370 650 1401 5315
679 1367 932 1401 53000550111135
962 1370 1130 1401 universis
1160 1367 1279 1401 silvam
1309 1372 1459 1401 nostram
1488 1368 1608 1401 dictam
1639 1365 1843 1413 Lypoleczlii
1878 1377 1983 1412 prope

112 1427 274 1472 Rudoch„
303 1427 461 1462 videlicet
490 1428 573 1462 duos
601 1428 717 1461 laneos
747 1431 778 1461 111
808 1439 845 1462 50
875 1431 1111 1470 continentem3
1141 1432 1238 1473 prout
1268 1439 1285 1461 3
1309 1427 1410 1462 nohis
1440 1427 1601 1461 hactenus
1628 1432 1675 1461 est
1706 1438 1876 1473 possessa.
1908 1438 1981 1460 cum

112 1489 211 1535 pleno
241 1489 387 1523 dominio
417 1492 450 1522 et
479 1491 567 1522 omni
597 1491 669 1522 iure
698 1494 729 1522 et
758 1488 911 1522 libertate
941 1489 1091 1522 dedimus
1122 1494 1151 1522 et
1183 1489 1382 1523 contulimus
1421 1500 1460 1523 ac
1498 1488 1710 1534 presentibus
1739 1491 1983 1534 imperpetuum

111 1552 247 1584 nomine
275 1560 359 1583 vere
389 1549 574 1583 dotacionis
603 1548 708 1582 libere
738 1549 854 1583 damus
883 1555 913 1583 01
944 1550 1117 1595 largimur,
1147 1550 1191 1583 nil
1210 1549 1306 1584 nobis
1323 1551 1409 1594 juris
1429 1550 1485 1584 vel
1505 1550 1641 1583 dominii
1662 1553 1692 1582 in
1715 1549 1831 1582 eadem
1853 1551 1984 1594 penitus

111 1609 334 1653 reservando,
364 1612 596 1656 promittentes
626 1609 690 1644 fide
719 1613 852 1644 sincera
882 1622 944 1645 una
976 1622 1049 1644 03111
1080 1610 1260 1644 heredibus
1293 1615 1325 1645 et
1361 1610 1617 1645 successoribus
1657 1612 1780 1644 nostris
1818 1609 1983 1655 prefatum

112 1670 318 1705 Blazkonem
355 1670 533 1717 plebanum
571 1674 604 1704 in
640 1670 812 1716 Slewings
851 1676 949 1717 atque
985 1683 1063 1705 suos
1102 1682 1320 1705 successores
1359 1674 1551 1715 universos
1592 1671 1741 1704 eiusdem
1772 1670 1917 1704 ecclesie
1953 1673 1985 1703 in

113 1731 285 1777 Slewings
313 1730 486 1778 plebanos,
516 1734 549 1765 in
577 1736 727 1777 pretacta
756 1732 840 1766 silva
869 1735 1110 1779 imperpetuum
1141 1732 1328 1766 nullatenus
1358 1732 1530 1778 impedire.
1562 1731 1634 1766 Tali
1662 1736 1772 1765 tamen
1802 1730 1981 1764 interclusa

113 1793 322 1835 condicione,
360 1792 446 1838 quod
484 1792 589 1826 dictus
618 1792 780 1838 plebanus
817 1798 847 1827 et
885 1796 933 1827 sui
972 1803 1191 1827 successores
1228 1792 1349 1838 singuli
1387 1792 1506 1826 silvam
1544 1795 1675 1836 nigram
1718 1803 1778 1825 seu
1822 1793 1982 1825 maiorem

113 1852 289 1888 abietinam
319 1853 490 1886 dumtaxat
520 1855 551 1886 in
581 1864 659 1886 usus
689 1853 853 1887 notabiles
883 1853 1089 1887 edificiorum
1117 1853 1261 1886 ecclesie
1291 1864 1349 1886 seu
1380 1853 1464 1886 dotis
1494 1863 1553 1886 seu
1583 1852 1780 1897 diligencius
1806 1856 1984 1885 reservent

113 1918 146 1948 et
179 1912 321 1948 fideliter
355 1917 567 1956 convertant,
607 1913 664 1947 sed
696 1925 770 1948 033]
801 1925 861 1960 per
896 1914 1028 1948 modum
1060 1914 1270 1947 vendicionis
1299 1918 1354 1947 331
1383 1914 1579 1947 donacionis
1614 1916 1841 1958 cuiuscunque
1871 1912 1984 1946 nulla-

112 1979 209 2009 tenus
237 1974 383 2008 alienent
411 1985 474 2008 nec
503 1974 711 2020 aliquatenus
741 1975 889 2009 alienare
918 1979 1122 2021 presumant.
1172 1974 1414 2020 Quamquidem
1444 1975 1687 2008 alienacionem
1718 1977 1811 2007 cives
1841 1976 1984 2007 civitatis

113 2039 228 2069 nostre
255 2034 376 2069 ibidem
407 2037 439 2069 in
469 2034 641 2080 Slewings
670 2035 820 2081 predicte
849 2039 972 2070 virtute
1000 2039 1212 2082 presencium
1245 2040 1275 2069 et
1305 2040 1418 2069 nostra
1449 2047 1507 2069 seu
1549 2040 1760 2081 posterorum
1790 2039 1981 2068 nostrorum

113 2098 311 2130 auctoritate
345 2100 483 2142 possunt
521 2100 553 2129 et
590 2095 713 2130 debent.
750 2096 912 2142 impedire
949 2101 979 2130 et
1018 2096 1213 2139 defendere,
1237 2096 1312 2130 dicti
1351 2096 1484 2142 plebani
1513 2101 1543 2130 et
1579 2106 1814 2130 successorum
1846 2106 1981 2128 53013111

114 2156 385 2190 contradiccione
414 2161 447 2190 et
475 2159 655 2191 occasione
685 2156 884 2202 quibuslibet
912 2157 1141 2203 proculmotis.
1187 2156 1249 2190 Pro
1280 2156 1397 2202 quibus
1427 2160 1537 2202 itaque
1566 2155 1738 2189 beneficiis
1767 2158 1889 2189 11051115
1919 2157 1983 2188 13111

113 2218 286 2262 expressis
314 2216 523 2262 supradictus
547 2215 673 2250 Blazko
702 2217 864 2263 plebanus
894 2223 1008 2252 nostre
1038 2221 1069 2251 in
1100 2217 1293 2262 Czlewings
1323 2217 1467 2251 ecclesie
1497 2217 1697 2261 condignam
1730 2216 1849 2249 volens
1871 2215 1984 2248 facere

113 2287 381 2322 recompensam,
411 2288 448 2310 se
477 2287 623 2322 suosque
653 2288 873 2312 successores
902 2281 1081 2312 universos
1111 2279 1151 2311 ad
1181 2277 1245 2311 hoc
1284 2277 1440 2311 benivole
1480 2276 1641 2321 obligavit
1679 2281 1709 2309 et
1749 2279 1914 2319 astrinxit²
1951 2279 1985 2309 31

113 2340 185 2383 ipse
222 2348 263 2371 ac
297 2340 347 2371 sui
384 2348 603 2372 successores
639 2339 761 2383 singuli
799 2342 893 2373 annis
932 2339 1071 2384 singulis
1110 2342 1140 2373 in
1177 2343 1297 2373 octava
1334 2341 1439 2372 533011
1469 2337 1664 2371 wenceslai
1695 2340 1852 2382 martyris
1881 2339 1983 2370 auni-

111 2400 301 2432 versarium
330 2408 390 2443 pro
419 2397 516 2432 nohis
544 2403 577 2431 et
605 2399 776 2433 animabus
804 2400 1096 2446 predecessorum¹
1117 2404 1149 2433 et
1177 2410 1414 2433 successorum
1444 2403 1634 2432 nostrorum
1676 2402 1785 2431 teneat
1816 2400 1982 2440 (witerne,

111 2457 241 2493 scilicet
273 2458 407 2502 vigilias
442 2469 517 2492 cum
551 2469 674 2493 novem
711 2459 916 2494 leccionibus
951 2465 983 2494 et
1018 2465 1094 2494 0010
1132 2462 1250 2494 3115535
1293 2463 1323 2493 in
1360 2462 1506 2492 crastino
1548 2461 1700 2491 accensis
1736 2457 1913 2491 luminibus
1951 2462 1983 2491 et

112 2517 250 2564 pulsatis
279 2521 450 2564 campanis
479 2529 552 2552 cum
583 2530 634 2562 037
664 2530 727 2565 qua
749 2520 857 2564 decet⁷
888 2523 1088 2554 reverencia
1118 2519 1300 2554 inobmisse
1321 2523 1525 2565 peragentes
1546 2521 1615 2551 suis
1635 2520 1778 2564 propriis
1798 2517 1983 2564 sumptibus

113 2583 147 2612 et
182 2580 355 2624 impensis.
412 2578 448 2612 In
484 2590 563 2613 casu
601 2584 724 2623 autem,
760 2583 787 2614 si
824 2581 930 2615 dictus
965 2581 1126 2627 plebanus
1156 2584 1188 2614 in
1228 2580 1399 2623 Slewings
1437 2579 1490 2612 vel
1521 2581 1709 2624 quicunque
1747 2589 1982 2613 successorum

113 2649 250 2674 suorum
289 2639 455 2685 quidpiam
494 2643 733 2685 premissorum
773 2641 1027 2676 nonrfecerint.
1064 2646 1187 2675 extunc
1225 2645 1401 2686 presentes
1440 2639 1534 2673 litere
1573 2639 1692 2673 nullius
1722 2644 1817 2673 erunt
1851 2639 1982 2674 roboris
