2313 3090
1001 196 1074 230 289

99 301 241 336 Nicolao
279 301 414 343 ibidem,
453 300 615 347 Chalupm
654 304 794 335 notariis
832 300 985 347 publicis.
1024 306 1058 335 et.
1094 299 1234 335 Nicolao
1271 300 1418 346 Sekyra,
1455 302 1598 333 mmccio
1632 301 1745 343 jurato
1783 301 1973 333 consistorii

100 361 293 407 Pragensis.

229 439 233 443 ·
256 423 383 458 Ibidem
414 425 519 456 eciam
550 423 720 468 predictus
750 423 903 457 dominus
934 423 1136 457 Franciscus
1164 425 1369 468 protestatus
1390 425 1452 463 est,
1483 420 1569 466 quod
1591 419 1698 454 eidem
1721 419 1854 453 domino
1876 419 1975 452 Petro

102 495 273 531 expensas
311 488 342 518 et
377 487 536 529 inpensas
572 494 637 517 non
678 483 818 526 dImittit.v
858 485 915 518 sed
955 484 1042 530 qnod
1080 483 1254 518 solvantur
1288 493 1349 528 per
1384 485 1492 528 ipsum
1531 482 1717 523 advocatis5
1756 483 1905 514 nuncciis
1944 484 1977 513 et

100 547 239 580 notariis
268 555 328 590 pro
357 544 528 578 laboribus
563 547 723 590 ipsorum.

414 649 488 684 (Ans
513 649 575 675 (lein
600 649 665 677 Lib,
691 649 778 683 oblig.
808 650 844 676 ll.
876 650 910 675 19
936 650 986 676 ful.
1015 650 1074 674 100
1099 650 1135 674 1111
1162 650 1268 683 Prager
1290 649 1414 682 Meti-op,
1439 647 1720 682 Capitel-Arcliive.)

985 795 1094 831 311.

103 873 210 908 Pabst
248 872 403 918 Bonifaz-
443 873 505 907 IX.
537 873 716 917 besls't‘ttigyt
751 874 822 907 (lem
855 873 1133 907 Nomenti-[oster
1163 875 1194 907 in
1225 873 1394 907 Pastimcv'-
1424 873 1487 906 clas
1517 870 1885 905 Prc'isentate'onsrecltt
1914 871 1975 904 der

572 935 728 978 dortiyen
777 934 925 968 sicarie.
959 935 1016 968 Dt.
1049 935 1135 968 Rom
1169 934 1226 969 19.
1259 935 1363 979 April
1393 933 1504 968 1396.

259 1012 473 1065 Bonifacius
512 1034 690 1077 episcopus
729 1042 849 1064 servus
888 1042 1065 1065 servorum
1100 1031 1152 1064 dei
1183 1031 1221 1064 ad
1252 1035 1445 1076 perpetuam
1476 1032 1525 1063 rei
1554 1031 1762 1062 memoriam.
1820 1027 1880 1063 JiS.
1911 1039 1975 1073 que

100 1102 162 1138 pro
198 1091 303 1126 divini
341 1092 448 1126 cultus
486 1104 525 1126 ac
560 1093 735 1137 religionis
765 1097 946 1137 augmento
976 1092 1118 1137 provide
1148 1091 1234 1125 facta
1265 1096 1352 1133 sunt‚
1381 1095 1415 1124 ut
1444 1090 1566 1124 illibata
1596 1092 1792 1132 consistaim
1819 1088 1973 1122 libenter.

101 1164 176 1187 cum
214 1164 231 1186 a
269 1146 366 1187 nobis
401 1156 593 1198 requiritur,
632 1153 826 1186 adducimus
862 1154 1034 1198 apostolici
1073 1153 1203 1187 roboris
1236 1152 1436 1186 firmitatem.
1480 1150 1638 1185 Exhibita
1676 1150 1840 1195 siquidem
1878 1148 1974 1183 nobis

101 1224 208 1259 nuper
236 1224 297 1260 pro
327 1218 422 1259 parte
451 1214 648 1248 dilectarum
678 1217 709 1247 in
740 1212 872 1247 Christo
902 1213 1042 1247 filiarum
1073 1213 1241 1247 abbatisse
1271 1218 1303 1247 et.
1332 1216 1520 1246 conventus
1549 1214 1743 1245 monasterii
1775 1213 1805 1244 in
1831 1210 1975 1243 Pustmir

101 1275 227 1308 ordinis
255 1277 361 1308 sancti
390 1274 576 1317 BenedictL
608 1274 843 1309 Olomucensis
873 1274 1017 1308 diocesis
1047 1277 1168 1320 peticio
1199 1273 1402 1317 continebat„
1433 1273 1519 1318 quod
1545 1272 1622 1306 olim
1641 1273 1709 1316 jam
1731 1273 1972 1316 quinquaginta

101 1338 197 1369 annis
226 1335 349 1381 elapsis
378 1340 411 1369 et
439 1335 535 1379 ultra,
566 1335 653 1369 bone
682 1339 845 1369 memorie
875 1335 1047 1369 Jobannes
1068 1338 1245 1381 episcopus
1268 1335 1502 1369 Olomucensis
1523 1336 1574 1379 pia
1597 1334 1787 1367 devocione
1809 1341 1975 1365 accensus

101 1395 329 1442 parochialem
359 1396 537 1430 ecclesiam
569 1400 601 1430 111
630 1396 774 1430 Pustmir
805 1396 891 1430 dicte
922 1397 1079 1429 diocesis.
1109 1408 1172 1441 que
1195 1396 1329 1440 dejure
1349 1400 1544 1441 patronatus
1565 1396 1715 1440 episcopi
1737 1392 1976 1426 Olomucensis

100 1468 162 1503 pro
191 1461 343 1503 tempore
372 1460 549 1491 existentis
579 1457 756 1500 existebat,
787 1458 828 1491 de
858 1457 997 1491 consilio
1027 1462 1059 1490 et
1088 1468 1227 1491 assensu
1263 1457 1459 1490 dilectorum
1490 1455 1631 1489 filiorum
1662 1454 1794 1500 capituli
1826 1453 1973 1487 01011111-

103 1521 226 1562 censis,
242 1523 371 1552 matura
393 1529 495 1564 super
517 1518 581 1552 hoc
602 1518 852 1552 deliberacione
875 1518 983 1552 habita
1008 1522 1036 1551 in
1060 1521 1297 1552 monasterium
1320 1517 1509 1551 monialium
1533 1516 1609 1550 dicti
1631 1516 1757 1549 ordinis
1778 1517 1976 1547 auctoritate

88 1574 271 1614 'ordinaria
301 1582 410 1613 erexit
438 1580 558 1613 volens
588 1584 620 1613 et
649 1583 821 1615 sanxiens.
853 1580 939 1625 quod
971 1580 1087 1612 eadem
1119 1579 1263 1613 ccclesia
1293 1583 1417 1612 extunc
1447 1581 1665 1623 imposterum
1694 1577 1863 1621 perpetuis
1885 1579 1975 1608 tem-

101 1639 240 1686 poribus
269 1639 388 1674 futuris
417 1643 450 1673 in
474 1642 530 1684 jus
560 1645 591 1674 et
620 1646 771 1674 naturam
803 1643 996 1674 monasterii
1028 1644 1185 1673 transiret
1213 1645 1243 1674 et
1275 1650 1339 1673 non
1370 1638 1573 1684 parochialis
1603 1637 1746 1671 ecclesia
1772 1636 1829 1670 sed
1853 1647 1976 1670 inona-

102 1704 239 1735 sterium
270 1713 308 1735 re
337 1707 367 1736 et
398 1705 533 1735 nomine
564 1707 764 1735 censeretur
793 1713 831 1735 ac
862 1701 1015 1735 omnibus
1037 1702 1196 1739 diuinitate
1218 1705 1249 1733 et
1270 1700 1399 1734 honore
1420 1702 1613 1732 monasterii
1634 1698 1783 1731 eiusdem
1805 1699 1976 1743 perpetuis

103 1761 309 1808 temporibus
338 1762 503 1807 gauderet
533 1767 563 1796 et
593 1762 875 1806 irrefragabiliter
906 1764 1083 1796 frueretur.
1116 1765 1221 1808 ipsum
1253 1772 1385 1805 quoque
1415 1762 1654 1794 monasterium
1685 1758 1745 1792 sub
1780 1760 1915 1791 nomine
1945 1761 1978 1789 et

87 1822 196 1857 'titulo
226 1823 399 1857 salutifere
428 1827 611 1857 nativitatis
641 1824 765 1857 domini
796 1827 900 1857 nostri
920 1824 998 1857 vlesu
1022 1823 1144 1856 (111-1511
1164 1833 1295 1855 necnon
1317 1822 1466 1866 gloriose
1488 1824 1601 1854 matris
1623 1823 1694 1853 eius
1715 1819 1821 1853 Mai-ie
1843 1829 1977 1863 semper

102 1886 245 1929 virginis
275 1884 368 1918 duxit
396 1884 641 1930 appellandum,
672 1889 703 1917 et
734 1884 946 1917 nibilominus
977 1887 1024 1916 ius
1062 1888 1254 1929 patronatus
1293 1882 1479 1916 huiusmodi
1520 1885 1552 1915 in
1592 1885 1696 1926 ipsum
1737 1882 1975 1913 monasterium

104 1949 136 1978 et
165 1948 237 1979 eius
266 1944 481 1979 abbatissam.
511 1956 575 1990 que
607 1950 682 1978 tunc
713 1945 772 1978 l'uit
801 1950 831 1977 et
862 1946 943 1978 alias
972 1945 1169 1986 abbatissas„
1200 1955 1263 1989 que
1288 1944 1394 1976 eidem
1420 1946 1449 1976 in
1472 1945 1635 1987 regimine
1657 1944 1759 1986 ipsius
1782 1941 1976 1973 monasterii

103 2005 341 2046 succederent„
371 2017 414 2040 ex
444 2011 535 2039 certa
565 2018 622 2039 sua
645 2009 791 2039 sciencia
814 2006 904 2039 duxit
928 2005 1208 2039 transt'eremluin.
1242 2004 1286 2038 Ita
1310 2004 1395 2049 quod
1417 2003 1585 2037 abbatissa
1608 2002 1756 2036 eiusdem
1781 2002 1975 2034 monasterii

103 2077 164 2112 pro
202 2070 352 2112 tempore
390 2070 540 2101 existens
571 2068 724 2101 idoneum
755 2067 978 2113 presbiterum
1011 2067 1196 2100 secularem
1229 2069 1324 2098 etatis
1354 2069 1482 2098 mature
1521 2075 1580 2110 pro
1610 2063 1759 2108 gerenda
1791 2065 1974 2094 animarum

105 2138 184 2161 cura
222 2128 503 2173 parochianorum
544 2131 645 2174 ipsius
681 2129 827 2162 ecclesie
863 2132 893 2162 in
933 2132 1127 2173 perpetuum
1166 2130 1327 2160 vicarium
1367 2126 1515 2159 eiusdem
1551 2124 1696 2157 ecclesie
1726 2122 1975 2156 instituemluin.

105 2191 266 2233 quociens
295 2191 455 2222 vicariam
487 2189 636 2222 eiusdem
671 2189 815 2223 ecclesie
847 2200 970 2223 vacare
1010 2192 1232 2231 contingeret.
1273 2191 1432 2232 episcopo
1472 2186 1688 2219 Olomuccnsi
1725 2195 1785 2230 pro
1825 2187 1976 2227 tempore

105 2251 264 2283 existenti
293 2255 490 2295 presentare
521 2254 703 2284 teneretur.
735 2253 787 2295 qui
811 2250 942 2295 quidem
967 2252 1112 2288 vicarius
1133 2249 1254 2295 populo
1277 2248 1383 2280 eidem
1407 2247 1551 2279 ecclesie
1572 2245 1724 2278 subiecto
1745 2243 1975 2277 ecclesiastica

105 2314 316 2344 sacramenta
347 2313 537 2345 ministrare
567 2310 717 2354 deberet‚
750 2316 925 2345 reservata
958 2315 1067 2343 tamen
1089 2310 1129 2343 de
1150 2309 1311 2343 fructibus
1332 2306 1517 2341 redditibus
1538 2311 1567 2339 et
1591 2305 1809 2351 proventibus
1831 2303 1976 2336 ecclesie

106 2381 165 2404 seu
195 2374 388 2404 monasterii
419 2371 643 2416 predictorum
675 2383 824 2417 congrua
846 2374 1019 2418 porcione.
1051 2371 1090 2403 de
1112 2382 1173 2416 qua
1196 2370 1281 2403 idem
1304 2371 1450 2402 vicarius
1478 2372 1589 2413 posset
1611 2377 1761 2411 congrue
1782 2366 1975 2406 sustentaria

107 2432 310 2477 episcopalia
335 2433 411 2476 jura
441 2432 577 2465 solvere
607 2436 639 2465 et
667 2432 728 2465 alia
760 2432 820 2465 sibi
852 2431 1082 2466 incumbencia
1113 2442 1215 2465 onera
1247 2434 1454 2475 supportare.
1486 2432 1581 2473 prout
1612 2431 1641 2460 in
1672 2428 1847 2459 autenticis
1873 2425 1977 2458 literis

106 2492 183 2526 inde
213 2492 376 2526 confectis
406 2496 552 2538 episcopi
583 2497 616 2526 et
645 2493 778 2539 capituli
808 2493 1033 2539 predictorum
1065 2493 1182 2537 sigillis
1213 2493 1346 2525 munitis
1368 2490 1485 2522 dicitur
1506 2489 1635 2534 plenius
1656 2489 1832 2521 contineri.
1864 2484 1976 2526 Quare

109 2565 170 2599 pro
199 2558 293 2599 parte
324 2552 485 2587 dictarum
517 2552 685 2586 abbatisse
715 2558 747 2586 et
776 2558 963 2587 conventus
994 2553 1089 2587 nobis
1120 2554 1176 2586 l'uit
1209 2551 1375 2585 humiliter
1403 2550 1633 2596 supplicatum,
1673 2553 1705 2581 ut
1737 2550 1906 2582 creceioni
1945 2551 1975 2579 ct

109 2615 323 2649 translacioni
353 2613 540 2647 huiusmodi
572 2613 676 2646 robur
697 2614 880 2659 apostolice
902 2614 1064 2661 firmitatis
1085 2614 1220 2646 adicere
1252 2612 1292 2644 de
1315 2611 1517 2655 benignitate
1543 2609 1724 2655 apostolica
1747 2608 1975 2649 dignaremur.

107 2674 178 2709 Nos
207 2677 307 2720 igitur
329 2674 516 2709 huiusmodi
546 2673 849 2720 supplicacionibus
879 2674 1024 2707 inclinati
1064 2677 1277 2707 ereccionein
1317 2676 1346 2704 et
1384 2670 1641 2704 translacionem
1680 2669 1848 2715 predictas
1887 2672 1976 2702 ratas

1807 2732 1839 2755 :31
