2313 3090
1224 196 1297 230 190

329 304 476 337 altariste
514 307 545 337 in
584 305 726 337 ecclesia
766 303 990 349 Jempnicensi
1030 302 1189 347 predicta.
1228 312 1290 346 per
1327 304 1417 346 ipsos
1455 302 1647 343 tollendum
1678 302 1917 336 levandum'et
1946 306 1977 336 in
2008 314 2086 337 usus
2115 313 2194 336 suos

328 368 480 410 proprios
511 365 783 398 convertendum.
817 363 905 404 Quas
936 365 1094 408 pecunias
1123 361 1279 395 videlicet
1309 373 1370 407 pro
1399 365 1510 407 primo?
1535 374 1621 397 anno
1651 366 1713 396 iam
1745 367 1905 409 preterito
1925 363 2011 397 idem
2031 363 2193 397 Martinus

328 430 358 458 et
389 426 540 459 dominus
569 425 716 459 Thomas
755 423 884 469 prefato
918 423 1052 456 domino
1081 423 1228 456 Henrico
1258 422 1381 456 XVIII.
1421 434 1538 468 sexag.
1570 435 1680 468 gross.
1711 424 1872 469 persolvit
1901 423 1987 469 (sic)
2016 428 2048 457 et
2075 425 2194 468 viginti

329 497 447 530 sexag.
470 497 581 530 gross.
604 498 619 518 a
653 486 704 518 die
726 485 800 517 (late
829 487 996 530 presentis
1026 486 1181 517 continue
1211 483 1422 529 conputando
1451 484 1536 518 infra
1566 490 1634 518 tres
1664 488 1868 530 septimanas
1888 484 2023 518 solvere
2042 486 2195 530 promisit

328 551 357 580 et
397 552 471 592 aput
511 552 582 579 aeta
621 550 733 579 nostra
773 545 970 582 ‹mliffatoria
1008 556 1176 590 reponere
1205 556 1278 578 eum
1309 544 1428 578 effectu
1457 545 1517 579 suh
1546 557 1631 591 pena
1662 547 2024 578 excommunicacionis
2052 554 2193 577 unacum

328 607 459 639 domino
490 618 548 639 suo
578 606 733 639 Mai-tino.
764 609 925 650 magistro
956 610 1088 639 monete
1118 605 1158 638 de
1188 605 1335 641 Brunna.
1365 606 1515 652 predicto
1547 635 1552 640 .
1587 635 1592 640 .
1626 634 1631 640 .
1665 634 1671 640 .
1703 617 1800 651 quem
1830 608 2004 639 terminum
2034 608 2114 651 ipsis
2134 614 2194 650 pro

327 670 514 700 monicione
553 669 711 699 canoniea
751 669 983 711 assignamus:
1022 677 1082 711 pro
1112 666 1254 700 residuis
1290 678 1373 700 vero
1412 667 1539 701 duobus
1580 670 1686 701 annis.
1722 666 1879 700 videlicet
1918 677 1934 699 a
1974 665 2060 699 festo
2089 667 2194 699 sancti

327 726 464 765 Gom-Qu
496 730 648 772 proxime
678 729 826 772 preteriti
856 727 941 759 idem
972 726 1134 760 Martinus
1164 731 1196 760 et
1226 727 1378 761 dominns
1407 728 1554 761 Thomas
1576 727 1697 761 dehent
1718 727 1857 760 eandem
1879 727 2056 760 ecclesiam
2078 731 2194 760 tenere

327 794 356 821 et
388 788 513 821 fruetus
544 791 645 833 ipsius
674 791 852 833 percipere
882 799 920 820 ac
950 791 1108 833 pecunias
1137 788 1305 833 predictas
1334 789 1532 834 persolvere
1562 792 1593 821 in
1624 790 1773 822 terminis
1802 787 2023 833 infrascriptis
2051 798 2192 821 unacum

329 849 414 881 dicto
444 848 598 882 Martino.
630 851 792 893 magistro
822 853 955 882 monete
986 851 1016 881 in
1046 848 1193 884 Brunna.
1224 849 1381 883 videlicet
1409 849 1574 883 XXXVII
1603 860 1722 893 sexag.
1754 851 1784 882 in
1816 848 1901 882 festo
1931 851 2035 882 sancti
2055 847 2193 882 Micha-

326 909 385 942 elis
426 912 578 954 proxime
616 914 772 944 venturo.
815 909 980 943 XXXVII
1027 921 1147 954 sexag‘.
1196 912 1226 942 in
1263 914 1382 943 octava
1421 910 1611 943 Nativitatis
1650 908 1772 943 Christi
1812 909 1932 943 deinde
1970 913 2125 943 secutura
2162 912 2193 942 et

327 969 474 1003 XXXVI
505 981 624 1014 sexag.
655 973 686 1003 in
717 970 803 1003 festo
832 973 936 1003 saneti
969 970 1107 1015 Georgii
1136 973 1167 1003 in
1197 970 1416 1004 rcvolucione
1446 973 1521 1004 anni
1552 975 1583 1003 et
1612 970 1675 1004 hoc
1704 980 1765 1016 pro
1795 969 1943 1003 secundo
1972 980 2079 1004 anno:
2115 972 2192 1003 item

326 1040 385 1075 pro
416 1040 502 1063 anno
532 1033 638 1063 tercio
667 1030 879 1063 tandumdem
910 1033 941 1063 in
971 1033 1120 1064 terminis
1148 1031 1306 1076 predictis
1336 1031 1396 1064 sub
1426 1042 1510 1077 pena
1533 1033 1909 1071 excommunicacionis„
1931 1041 2014 1076 quos
2034 1032 2195 1064 terminos

326 1096 358 1124 et
387 1102 502 1124 eorum
534 1090 712 1136 quemlibet
742 1094 822 1136 ipsis
851 1102 911 1137 pro
941 1095 1129 1125 monicione
1160 1095 1321 1125 canonica
1352 1096 1383 1125 et
1412 1095 1555 1125 termino
1584 1094 1810 1137 peremptorio
1840 1094 2062 1136 assignamus.
2105 1089 2195 1124 Pro-

327 1155 458 1185 mittens
489 1152 594 1186 dictus
626 1152 778 1185 dominus
807 1151 973 1185 Henricus
1002 1152 1151 1198 prefatos
1182 1153 1348 1186 (lominum
1380 1152 1541 1186 Thomam
1574 1157 1604 1185 et
1633 1152 2041 1196 Martinuin‚1nagistruin
2062 1156 2196 1185 monete

327 1215 356 1245 in
389 1215 613 1258 percepeione
643 1212 831 1261 huiusmodi
861 1212 1025 1246 fructuum
1055 1224 1121 1247 non
1151 1214 1312 1259 impedire
1342 1224 1405 1246 nec
1434 1212 1683 1258 quomodolibet
1710 1211 1909 1258 perturbare
1938 1211 1998 1246 sub
2013 1223 2098 1258 pena
2129 1222 2197 1245 ex-

326 1276 643 1307 communicacionis
683 1272 832 1319 predicta
872 1273 910 1306 ad
942 1276 1116 1307 terminum
1148 1273 1286 1307 duorum
1318 1285 1479 1307 annorum
1510 1274 1758 1319 predictorum:
1788 1275 2020 1318 promittentes
2048 1272 2197 1306 nichilo—

326 1336 432 1367 minus
461 1334 598 1380 predicti
630 1334 752 1366 domini
783 1333 948 1367 Henrieus
978 1333 1139 1380 plebanus
1169 1339 1200 1367 et
1229 1334 1376 1368 Thomas
1406 1339 1594 1368 conventor
1622 1333 1839 1367 condiciones
1866 1333 1959 1369 alias,
1989 1344 2091 1379 super
2110 1333 2195 1366 dicta

326 1398 560 1428 convencione
590 1397 676 1427 inter
704 1397 794 1439 ipsos
824 1397 1031 1440 conscriptas
1061 1399 1093 1428 et
1121 1399 1218 1441 prout
1246 1398 1277 1428 in
1307 1397 1533 1428 instrumentis
1562 1394 1701 1440 publicis
1722 1394 1866 1440 desuper
1886 1394 2049 1428 confectis
2068 1393 2196 1439 plenius

325 1458 547 1489 continentur.
579 1454 734 1488 hincinde
764 1458 880 1488 tenere
910 1460 939 1488 et
970 1455 1156 1490 observare
1186 1455 1245 1489 sub
1275 1458 1369 1501 penis
1398 1455 1568 1501 predictis.
1626 1455 1713 1489 Acta
1744 1459 1820 1489 sunt
1847 1454 1911 1489 hec
1946 1465 2033 1488 anno
2072 1454 2195 1488 domini

324 1513 689 1550 MOCCCLXXXXIIII
725 1515 778 1548 die
816 1516 995 1561 penultima
1034 1519 1159 1550 mensis
1196 1516 1274 1550 Maii
1312 1515 1524 1562 presentibus
1562 1515 1748 1549 honorabili
1786 1518 1861 1550 viro
1892 1515 2025 1550 domino
2054 1515 2194 1550 Nicolao

326 1576 485 1619 Puchnik‚
517 1576 592 1609 olim
623 1575 755 1610 officiali
785 1576 958 1621 Pragensi,
987 1576 1100 1620 Paulo‚
1132 1577 1305 1623 capellano
1336 1577 1459 1610 domini
1488 1577 1623 1610 Henrici
1653 1577 1805 1623 predicti,
1826 1576 1993 1610 Dobessio
2014 1576 2055 1610 de
2075 1576 2194 1623 Lypo-

324 1646 420 1671 wecz
449 1639 630 1681 armigero.

638 1716 710 1750 (Aus
736 1716 799 1741 «lein
824 1716 911 1741 Liber
937 1716 1143 1750 obligationum
1172 1718 1208 1744 ΙΙ,
1239 1717 1285 1746 12,
1311 1717 1330 1742 f.
1357 1717 1395 1741 *2⁸
1420 1717 1456 1741 ini
1483 1717 1590 1750 Prager
1613 1716 1738 1750 Metrop.
1763 1716 2041 1750 Capitel-Archive.)

1216 1811 1318 1846 197.

327 1887 402 1921 Der
433 1887 566 1932 Prayer
596 1887 687 1921 ersb.
723 1888 864 1933 official
890 1887 1028 1922 Johmm
1058 1888 1148 1922 Kbel
1176 1889 1318 1925 erltlcz'rt.
1351 1889 1433 1922 dass
1464 1889 1524 1922 cler
1553 1888 1701 1933 Pfarrer
1733 1887 1852 1922 Uli-ich
1881 1900 1945 1922 aus
1969 1888 2108 1933 Opatau
2129 1900 2193 1922 aus

327 1949 399 1982 dem
438 1949 667 1993 Gefdnym'sse
709 1951 750 1982 im
790 1950 880 1984 (ἐγώ.
923 1950 1065 1983 Palaste
1108 1951 1140 1983 in
1171 1950 1264 1994 Pras)
1293 1949 1386 1983 m'clet
1411 1949 1522 1994 gellen
1553 1950 1677 1992 werde,
1708 1949 1771 1982 ebe
1800 1949 1893 1982 uiolet
1921 1950 1976 1983 ein
2014 1948 2193 1994 Verqlez‘clt

328 2010 494 2043 zwiseleen
530 2010 597 2043 ilem
626 2011 695 2043 merl
722 2010 890 2044 Heinrich
921 2022 983 2044 rou
1014 2010 1180 2044 Nenlmns
1209 2022 1249 2044 zu
1279 2010 1413 2044 Stande
1442 2010 1574 2043 lfommt.
1632 2009 1693 2043 Dt.
1724 2011 1821 2043 circa
1850 2009 1948 2044 Ende
1980 2010 2054 2044 Mai
2082 2009 2192 2044 1394.

483 2086 708 2140 Constitutus
738 2107 960 2152 personaliter
989 2118 1102 2141 coram
1133 2106 1228 2141 nobis
1257 2106 1411 2140 Johanne
1440 2105 1536 2148 Kbel,
1566 2105 1712 2149 officiali,
1743 2110 1775 2139 et
1804 2108 1886 2139 actis
1915 2109 2038 2140 nostris
2058 2105 2194 2150 obliga-

326 2169 419 2199 toriis
455 2166 607 2201 dominus
637 2167 787 2205 Drslausq
826 2167 987 2214 plebanus
1016 2168 1163 2202 ecclesie.
1190 2171 1221 2201 in
1250 2167 1395 2201 Raczicz
1426 2166 1659 2201 Olomucensis
1689 2167 1788 2209 dioc.‚
1818 2177 1883 2200 non
1914 2166 2106 2212 conpulsus,
2135 2166 2194 2200 sed

326 2231 443 2273 sponte
482 2231 513 2261 et
548 2227 652 2261 libere
688 2231 849 2273 promisit,
888 2229 974 2274 quod
1015 2229 1167 2262 dominus
1202 2228 1346 2271 Utricus,
1384 2227 1546 2273 plebanus
1586 2227 1729 2261 ecclesie
1768 2230 1799 2260 in
1838 2226 2007 2273 Opathow
2045 2227 2193 2262 eiusdem

327 2289 483 2331 diocesis.
522 2299 587 2322 non
626 2289 729 2323 exibit
768 2290 808 2323 de
843 2292 1036 2336 captivitate
1076 2290 1116 2323 de
1155 2293 1245 2323 curia
1282 2288 1572 2334 archiepiscopali,
1612 2298 1785 2333 quousque
1820 2288 2001 2322 concordia
2044 2287 2194 2333 aliqualis

326 2352 545 2383 intervenerit
574 2352 660 2384 inter
688 2353 793 2396 ipsum
824 2356 857 2384 et
877 2350 1020 2384 nobilem
1052 2350 1219 2383 dominum
1239 2350 1421 2384 Henricum
1442 2349 1483 2382 de
1512 2348 1609 2383 Nova
1639 2348 1738 2382 domo
1758 2347 1819 2382 sub
1839 2359 1924 2394 pena
1953 2348 2012 2383 XL
2040 2359 2195 2393 sexage-

326 2421 441 2443 narum
472 2421 532 2455 pro
550 2421 683 2444 camera
714 2416 826 2444 nostra
849 2411 1107 2446 solvendarum:
1126 2410 1336 2457 presentibus
1357 2412 1519 2451 magistro
1540 2408 1712 2455 Stephano
1733 2409 1774 2442 de
1795 2408 1946 2453 Colonia,
1968 2409 2194 2455 Wyczmano,

326 2475 535 2505 couventore
564 2474 595 2504 in
625 2471 806 2518 Opathow‚
836 2472 976 2506 Andrea
1007 2472 1048 2506 de
1076 2471 1266 2517 Lompnicz.

481 2530 576 2578 (Item
594 2532 646 2565 die
662 2532 758 2566 XVII
775 2536 898 2567 mensis
915 2533 991 2566 ι111111
1009 2533 1161 2566 dominus
1181 2532 1353 2566 Johannes
1375 2531 1471 2575 libel,
1492 2531 1656 2573 officialis‚
1678 2531 1799 2565 dimisit
1818 2530 2002 2577 predictum
2025 2530 2193 2565 dominum

328 2592 479 2625 Drslaum
510 2591 648 2626 liberum
679 2592 719 2626 ab
749 2593 961 2632 oblisi-acione
1000 2593 1147 2639 predicta
1186 2597 1218 2626 et
1256 2593 1437 2636 mandavit,
1477 2591 1564 2637 quod
1603 2591 1763 2634 deleatur,
1802 2596 1833 2625 et
1862 2591 2044 2626 cancellata
2075 2596 2126 2625 est
2153 2591 2194 2625 de

327 2653 481 2686 mandato
511 2657 633 2699 ipsius;
664 2653 874 2699 presentibus
904 2654 1056 2697 Andoea,
1085 2653 1252 2688 Johannei
1283 2653 1465 2699 Wanyra.)

639 2732 711 2762 (Aus
736 2733 797 2758 (lem
824 2733 908 2759 Liber
933 2734 1139 2766 obligationum
1164 2732 1204 2758 11.
1232 2732 1268 2757 1‘2
1295 2732 1314 2759 f.
1342 2732 1415 2768 ‘2756
1442 2732 1477 2757 im
1503 2732 1610 2765 Pragcr
1634 2732 1756 2765 Meti-op,
1781 2730 2056 2766 Capitol-Archive.)
