2313 3090
1173 162 1313 218 28,ἓὴ-

271 268 337 302 obe
366 272 413 303 sei
444 269 509 303 und
539 269 733 314 hingeleget
763 269 826 302 und
859 268 916 301 das
947 279 1020 301 man
1052 268 1192 302 dorumh
1222 268 1400 302 nimanden
1435 271 1466 302 in
1504 267 1716 304 keinenweis
1751 268 1953 315 anspreclie‚
1991 268 2077 303 nach
2114 271 2146 302 in

272 330 482 374 geistlicliem
514 330 597 363 oder
624 329 848 364 wei-ntiichen
878 328 1006 362 rechte.
1037 328 1096 363 Mit
1117 329 1240 363 urkunt
1259 329 1331 363 dicz
1361 329 1464 364 brifes
1484 330 1651 376 vorsigelt
1671 333 1726 364 mit
1754 341 1878 365 unsern
1899 329 2147 375 anhangunden

273 391 496 436 ingesigelen.
529 390 644 425 Gehen
676 402 714 423 zu
746 390 854 435 Prage
884 389 971 424 noch
1002 389 1130 424 Cristes
1159 390 1282 436 geburt
1311 389 1595 424 dreizenhundert
1619 392 1674 435 jar
1703 390 1852 424 dornoch
1883 393 1915 424 in
1946 390 2021 424 deni
2047 389 2146 424 seclis

273 451 337 485 und
369 454 603 496 neunzigisten
629 452 705 495 jare
735 462 776 484 an
807 450 881 484 dem
912 450 1061 496 heiligen
1090 450 1307 484 osterlicbem
1336 456 1425 497 tage.

587 573 659 608 (Ans
683 574 745 599 dem
771 573 847 607 Orig.
872 573 909 599 im
935 574 1053 599 Wiener
1078 574 1105 602 k.
1131 574 1158 599 k.
1184 574 1422 601 staats-Archive
1454 575 1635 609 mitgetheilt.
1668 589 1710 593 —
1742 574 1930 608 Abgedruekt
1960 574 1989 600 in
2018 574 2146 600 Pelzels:

482 627 516 651 R.
543 626 661 651 IVenzel
688 626 727 652 II.
754 625 864 652 Urkdh.
890 635 917 659 p.
945 627 993 653 14.
1019 642 1060 644 —
1086 626 1151 660 Vgt
1177 626 1345 661 Berghauer
1367 627 1566 661 Protomafrtyr
1590 636 1617 660 p.
1644 626 1727 661 380.)

1153 833 1262 872 310.

275 912 354 944 Petr
394 911 545 956 sufflas,
588 911 691 945 Vicat·
720 912 781 945 del·
815 911 989 945 Olnmtz-er
1028 912 1169 956 lorche,
1219 912 1361 947 erklart.
1411 914 1491 946 dass
1521 924 1559 945 er
1589 913 1660 946 dem
1699 911 1726 945 V
1724 912 1917 957 yselerader
1946 911 2150 946 Kanonilms

367 972 587 1015 Franz-isba&
619 972 831 1006 Protonolat·
860 973 919 1006 des
949 972 991 1006 K.
1030 971 1183 1017 Wenz-el.
1214 974 1261 1007 417
1292 973 1394 1007 Marh·
1423 973 1558 1017 Prayer
1590 972 1765 1006 Grosehen
1795 972 1951 1017 schuldiq
1979 975 2041 1008 sei.

979 1033 1036 1067 Dt.
1078 1033 1135 1067 14.
1167 1034 1272 1079 April
1302 1033 1412 1068 1396.

429 1111 656 1164 Constitutus
686 1130 909 1176 personaliter
939 1141 1052 1164 coram
1083 1129 1180 1164 nobis
1202 1130 1352 1175 Georgio
1374 1130 1474 1166 Bora.
1505 1130 1638 1164 officiali
1664 1130 1839 1175 Pragensi‚
1870 1134 1902 1164 et
1922 1133 2005 1164 actis
2025 1132 2149 1165 nostris

270 1191 479 1236 obligatoriis
524 1191 676 1225 dominus
722 1190 840 1225 Petrus
884 1191 1036 1236 StiglicZ‚
1079 1194 1227 1226 vicarius
1267 1192 1413 1225 ecclesie
1456 1191 1686 1235 Olomuoens.‚
1729 1202 1796 1225 non
1839 1191 2043 1237 compulsus,
2086 1202 2150 1225 nec

270 1257 419 1295 coactus,
449 1252 507 1286 sed
538 1256 657 1298 sponte
687 1256 717 1285 et
748 1240 853 1285 libere
883 1252 1061 1286 confessus
1092 1257 1140 1287 est
1171 1257 1201 1286 et
1231 1255 1445 1297 recognovit,
1486 1263 1522 1286 se
1553 1256 1660 1286 teneri
1690 1257 1721 1286 et
1752 1252 1916 1287 debitorie
1945 1251 2088 1297 obligari
2117 1254 2148 1286 in

270 1312 391 1346 XLVII
422 1316 543 1346 marcis
573 1324 683 1357 gross.
714 1324 811 1358 prag.
843 1316 1006 1347 moravici
1038 1316 1167 1347 numeri
1198 1312 1384 1346 honorabili
1414 1316 1489 1346 viro
1519 1313 1654 1347 domino
1686 1313 1882 1357 Francisco‚
1916 1315 2147 1359 protonotario

269 1374 465 1408 XVenceslai
504 1377 596 1419 regis
633 1373 784 1407 Boemie.
823 1377 989 1408 canonico
1017 1374 1309 1419 Wissegradensiv
1347 1378 1379 1408 et
1408 1373 1600 1408 Adclheidi.
1641 1377 1736 1408 matri
1766 1376 1881 1420 ipsius,
1920 1373 1977 1408 vel
2006 1376 2057 1408 cui
2087 1376 2150 1420 ipsi

271 1435 457 1468 huiusmodi
481 1434 626 1469 debitum
648 1435 897 1481 deputaverint.
928 1446 1010 1480 quas
1032 1437 1158 1469 eisdem
1180 1435 1316 1469 solvere
1345 1437 1497 1481 promisit
1518 1438 1548 1468 in
1566 1438 1716 1468 terminis
1736 1434 1971 1481 infrascriptis,
1992 1435 2151 1469 videlicet

270 1496 482 1530 medietatem
522 1500 555 1530 in
594 1496 680 1530 festo
718 1499 823 1529 sancti
860 1496 995 1530 Martini
1034 1500 1189 1542 proxime
1228 1501 1372 1530 venturo
1409 1501 1441 1530 et
1479 1497 1575 1530 aliam
1615 1497 1826 1530 medietatem
1865 1496 2015 1531 infesto
2045 1499 2151 1530 sancti

270 1556 408 1602 Georgii
449 1561 481 1591 in
517 1558 739 1591 revolucione
777 1561 875 1591 unius
913 1560 989 1591 anni
1028 1557 1089 1591 suh
1128 1568 1213 1603 pena
1253 1560 1617 1592 excommunicacionis
1652 1558 1716 1591 late
1755 1560 1940 1601 sentencie,
1980 1568 2078 1603 quam
2116 1559 2149 1590 in

270 1621 374 1663 ipsum
414 1630 548 1652 exnunc
587 1624 684 1664 prout
722 1624 847 1653 extunc
885 1618 1025 1652 ferimus
1063 1621 1094 1652 in
1125 1618 1188 1651 biis
1218 1621 1361 1663 scriptis.
1402 1618 1591 1653 huiusmodi
1620 1621 1782 1664 pecunias
1812 1618 1850 1652 ad
1882 1629 2000 1652 manus
2028 1617 2148 1665 prefati

270 1679 393 1713 domini
424 1679 596 1713 Francisci
627 1680 866 1725 presentando.
898 1679 979 1713 Item
1010 1679 1097 1713 idem
1130 1679 1283 1712 dominus
1312 1679 1431 1714 Petrus
1451 1684 1584 1713 tenetur
1613 1684 1642 1712 et
1666 1681 1818 1724 promisit
1838 1689 2007 1725 reponere
2027 1678 2145 1713 librum

270 1743 382 1774 viatici
421 1746 451 1775 et
488 1741 632 1775 missalis
670 1744 700 1774 in
741 1741 894 1775 manibus
933 1744 1049 1775 matris
1079 1742 1220 1787 predicti
1261 1741 1382 1775 domini
1414 1741 1585 1775 Francisei
1624 1740 1710 1774 infra
1749 1744 1817 1774 tres
1855 1743 2060 1786 septimanas
2089 1739 2149 1774 suh

269 1813 353 1847 pena
385 1802 449 1835 late
479 1805 652 1836 sentencie
682 1803 844 1847 predictaq
875 1802 1035 1836 videlieet
1065 1802 1152 1848 quod
1174 1802 1352 1840 vendatur,
1383 1805 1551 1848 quamcito
1581 1804 1713 1847 poterit7
1744 1805 1776 1834 et
1796 1803 1938 1846 pecunia
1959 1800 2149 1835 huiusmodi

270 1863 377 1897 eidem
409 1863 543 1897 domino
573 1852 757 1897 Francisco
789 1869 818 1897 et
850 1867 946 1897 matri
977 1875 1036 1898 sue
1066 1867 1258 1909 assignetur
1288 1863 1483 1898 defalcanda
1514 1866 1546 1896 in
1571 1873 1700 1897 summa
1719 1862 1882 1908 predicta.
1912 1861 1995 1896 Item
2016 1866 2149 1896 tenetur

270 1927 375 1958 eciam
406 1927 531 1958 curiam
563 1924 750 1958 allodialem
781 1928 813 1958 in
843 1924 972 1970 Toplan
1003 1925 1166 1959 vendere.
1197 1929 1320 1970 quanto
1350 1924 1494 1958 celerius
1521 1928 1643 1970 potest7
1680 1923 1719 1956 ad
1751 1923 1815 1956 hoc
1844 1923 1931 1968 quod
1961 1922 2148 1957 hereditate

271 1986 404 2019 vendita
435 1989 539 2031 possit
568 1990 600 2019 et
629 1985 750 2019 debeat
780 1986 969 2019 huiusmodi
999 1989 1155 2031 pecunia.
1184 1997 1245 2032 pro
1276 1997 1338 2031 qua
1378 1987 1468 2018 curia
1498 1984 1648 2030 predicta
1679 1983 1777 2017 fuerit
1808 1983 1957 2028 vendita,
1993 1983 2080 2018 solvi
2117 1986 2149 2016 et

270 2049 436 2091 assignari
475 2047 626 2092 predicto
666 2047 800 2080 domino
840 2046 1024 2080 Francisco
1064 2052 1093 2081 et
1134 2050 1229 2081 mati-i
1274 2049 1388 2093 ipsius.
1426 2048 1530 2079 eciam
1570 2050 1747 2090 antequam
1793 2047 1924 2078 termini
1967 2044 2148 2079 solucionis

270 2111 439 2149 venerinu
470 2108 529 2141 sub
559 2119 645 2154 pena
676 2111 1044 2142 excommunicacionis
1074 2109 1258 2142 dumtaxat.
1288 2107 1370 2141 Item
1401 2109 1551 2153 promisit
1581 2105 1640 2139 sub
1663 2106 1780 2139 eadem
1801 2116 1886 2152 pena
1907 2107 2148 2139 excommuni-

270 2172 418 2203 cacionis
447 2180 513 2202 non
544 2169 693 2203 alienare
722 2169 808 2203 bona
840 2169 973 2203 mobilia
1004 2181 1205 2215 quecunque
1236 2169 1277 2203 de
1298 2171 1389 2202 curia
1417 2167 1579 2213 predicta„
1609 2166 1668 2201 sed
1699 2177 1839 2211 augere,
1869 2171 1902 2200 et
1921 2169 2081 2212 precipue
2100 2164 2147 2199 Vl

269 2241 405 2264 vaccas.
435 2230 499 2263 XII
529 2241 634 2276 equos
665 2235 695 2263 et
726 2230 787 2264 alia
818 2230 970 2264 utensilia
1001 2242 1059 2264 sua
1090 2241 1300 2276 quecunque,
1330 2239 1503 2274 quousque
1539 2230 1681 2274 pecunia
1712 2227 1861 2274 predicta
1893 2227 2017 2261 eisdem
2053 2229 2146 2260 inte-

270 2291 409 2336 graliter
438 2296 470 2325 et
500 2294 530 2325 in
561 2295 629 2324 toto
660 2291 760 2324 fuerit
789 2291 969 2337 persoluta.
1001 2291 1129 2325 Ibidem
1159 2295 1264 2325 eciam
1296 2290 1465 2336 predictus
1495 2289 1648 2323 domiuus
1668 2288 1786 2322 Petrus
1807 2287 2004 2322 revocando
2029 2297 2146 2322 omnes

271 2357 302 2385 et
331 2353 482 2397 singulos
513 2355 785 2386 testamentarios
816 2357 848 2385 et
878 2353 939 2385 alia
971 2364 1182 2398 quecunque7
1213 2363 1275 2397 que
1303 2355 1441 2397 possent
1470 2353 1616 2395 presenti
1657 2348 1860 2394 obligacioni
1898 2347 2147 2394 quomodolibet

271 2413 452 2451 derogare.
484 2413 633 2459 prefatos
664 2413 832 2446 dominum
864 2413 1081 2447 Franciscum
1113 2418 1145 2447 et
1174 2418 1312 2446 matrem
1344 2415 1457 2457 ipsius.
1489 2411 1634 2445 heredes
1655 2415 1687 2445 et
1708 2412 1979 2444 testamentarios
1999 2412 2145 2442 omnium

272 2474 433 2507 bonorum
473 2485 750 2519 (piorumcunque
791 2473 959 2507 mobilium
1000 2479 1032 2508 et
1069 2473 1274 2508 inmobilium
1318 2473 1538 2517 umlecunque
1581 2474 1859 2519 proveniencium
1903 2472 2073 2505 constituit
2115 2472 2144 2503 in

271 2546 383 2568 casum
415 2535 584 2579 videlicet„
615 2546 680 2580 quo
711 2535 796 2568 idem
828 2536 980 2569 dominus
1010 2534 1128 2568 Petrus
1158 2534 1351 2568 decederet.
1392 2538 1570 2579 antequam
1601 2533 1687 2566 dicta
1717 2542 1845 2566 summa
1875 2542 1949 2565 cum
1978 2533 2145 2565 interesse

272 2596 396 2628 eisdem
429 2596 612 2629 Francisco
643 2600 674 2628 et
705 2599 800 2629 matri
831 2607 890 2630 sue
922 2596 1021 2629 suerit
1059 2595 1228 2642 persoluta
1268 2599 1299 2627 et
1337 2595 1529 2640 plenissime
1568 2593 1787 2628 satisfactum.
1844 2591 1932 2626 Acta
1970 2595 2047 2626 sunt
2082 2590 2145 2625 hec

272 2667 357 2688 :iuno
397 2657 519 2689 domini
558 2654 908 2690 31⁰0CCLXXXXY1
941 2657 992 2690 ‹lie
1023 2655 1119 2690 XIIII
1158 2658 1282 2689 mensis
1313 2654 1439 2701 Aprilis
1469 2654 1680 2700 presentibus
1711 2653 1849 2688 Audi-ea
1881 2652 1921 2686 de
1950 2651 2143 2698 Lompnicz‚
