2313 3090
1243 181 1289 215 72

333 293 522 322 vestroruin
545 289 694 323 affeecio.
725 300 786 334 qua
809 288 971 334 profectui
994 286 1137 320 ecclesie
1158 289 1271 318 vestre
1292 295 1354 318 vos
1375 286 1549 319 intendere
1569 289 1742 329 sentimus,
1763 298 1824 321 nos
1845 287 1967 321 inducit
1988 290 2198 334 propensius,

333 354 366 382 ut
397 361 434 383 ea
465 361 528 395 que
558 350 658 394 digno
688 350 761 383 zelo
778 360 840 382 vos
869 353 985 394 petere
1015 348 1250 392 conspicimus,
1282 350 1420 391 paterno
1449 351 1529 380 nutu
1550 352 1735 381 annuentes
1755 347 1936 382 liberaliter
1956 348 2197 394 amplectimus.

333 410 464 443 Pridem
495 411 655 455 siquidem
687 410 794 443 oblata
824 420 884 454 per
912 419 975 441 vos
1004 410 1125 452 peticio
1156 405 1359 449 continebat,
1390 407 1475 452 qnod
1497 418 1570 440 cum
1600 418 1660 453 pro
1687 409 1830 442 vitandis
1868 409 2049 455 dispendiis
2074 410 2199 453 jurium

334 475 524 505 vestrorum
555 471 661 515 aliqua
691 473 814 503 vestris
844 472 875 502 in
906 467 1120 513 generalibus
1150 467 1301 512 capitulis
1330 467 1471 512 provide
1500 472 1575 501 sunt
1603 472 1735 503 statuta.
1766 480 1827 502 nos
1855 474 2018 516 perpetue
2038 470 2199 503 firmitatis

333 531 457 565 robore
487 534 682 564 auctoritate
711 534 822 563 nostra
854 529 1020 562 ordinaria
1052 531 1120 573 ipsa
1151 527 1340 573 approbare
1370 532 1401 561 et
1431 527 1632 562 confirmare
1662 529 1888 573 dignaremur.
1920 530 2069 564 Fuerunt
2089 534 2197 564 autem

336 597 366 626 et
405 597 479 625 sunt
519 592 634 624 eadem
673 596 786 624 vesu-a
826 593 945 622 statuta
982 599 1041 634 per
1079 599 1143 622 vos
1180 593 1211 621 ut
1251 591 1452 634 premittitur
1488 588 1596 622 oblata
1637 589 1709 623 talis
1747 593 1958 624 continencie
1991 595 2024 625 et
2051 594 2197 625 tenoris:

339 653 431 697 „Nos
461 653 625 686 Ditwinus
655 654 841 696 prepositus
872 649 960 683 etc.“
994 647 1073 695 (vid.
1105 660 1136 683 n.
1168 647 1243 695 84).
1277 669 1323 673 —
1358 648 1429 682 Nos
1458 660 1543 682 vero
1572 648 1730 683 Nicolaus
1760 653 1936 696 episcopus
1967 651 2200 689 Olomucensis

336 714 504 759 predictus
542 723 604 744 ros
647 716 678 744 et
720 711 896 744 ecelesiam
940 714 1089 743 vestram
1127 714 1283 754 quantum
1321 708 1418 743 nobis
1456 721 1499 743 ex
1538 709 1602 743 alto
1631 720 1829 744 concessum
1859 711 2018 745 fueritin
2048 711 2200 746 omnibus

340 774 453 807 salx-os
484 783 689 805 conservare
719 774 890 816 cupientes
908 775 939 804 et
969 781 1007 803 ea
1038 770 1156 815 quibus
1184 770 1350 816 proficere
1378 773 1540 816 poteritis,
1572 775 1639 804 toto
1669 776 1789 805 conatu
1810 771 2008 815 confovere,
2037 775 2200 818 premissa

343 838 454 867 restra
486 837 604 866 statuta
636 832 783 876 diligenti
814 834 1052 865 masticacione
1082 830 1304 865 cribravimus
1333 836 1365 865 et
1393 834 1467 877 quia
1496 834 1567 877 ipsa
1592 833 1681 876 justa
1710 831 1858 878 proficua
1888 837 1921 866 et
1944 833 2033 866 utilia
2054 833 2202 867 adinstar

337 894 544 928 laudabilium
585 897 780 927 statutorum
816 896 847 925 et
877 891 1153 925 consuetudinum
1184 892 1327 926 ecclesie
1355 897 1470 927 nostre
1500 891 1745 936 Olomucensis‚
1776 895 1827 927 cui
1857 897 1891 926 ut
1919 904 1963 927 ex
1991 892 2200 927 fundacionis

337 959 450 988 nostre
487 954 674 1000 privilegiis
709 953 831 987 clarius
870 953 1052 986 dinoscitur
1088 963 1152 986 vos
1189 952 1404 986 conformare
1433 955 1602 987 tenemini.
1641 953 1748 986 edicta
1777 955 1978 996 invenimus,
2013 953 2201 987 huiusmodi

339 1019 456 1049 statuta
496 1019 592 1060 prout
629 1017 782 1060 superius
821 1018 1032 1047 annotantur.
1059 1016 1168 1047 omnia
1205 1017 1236 1046 et
1273 1013 1403 1058 singula
1440 1018 1511 1047 rata
1550 1018 1582 1047 et
1609 1018 1705 1058 grata
1735 1013 1896 1048 habentes
1925 1016 1996 1060 ipsa
2024 1017 2201 1048 autoritate

334 1075 500 1109 ordinaria
517 1078 548 1108 in
577 1079 774 1120 perpetuum
804 1074 971 1108 servanda
1002 1078 1034 1107 et
1063 1074 1219 1107 duratura
1250 1074 1474 1120 approbamus
1503 1078 1536 1108 et
1565 1073 1801 1108 confirmamus
1830 1085 1870 1108 ac
1898 1079 2060 1121 perpetue
2089 1074 2199 1109 firmi-

333 1139 406 1170 tatis
435 1136 557 1170 robore
586 1138 751 1181 presentis
781 1138 893 1181 scripti
923 1138 1110 1181 patrocinio
1139 1138 1394 1178 communimus7
1424 1137 1650 1181 precipientes
1681 1146 1720 1168 ea
1749 1134 1810 1169 sub
1839 1134 2069 1170 obtestacione
2098 1135 2200 1170 divini

328 1197 442 1241 judicii
472 1208 510 1230 ac
540 1199 667 1242 prestiti
695 1199 800 1230 vestri
825 1197 1007 1239 juramenti
1037 1200 1069 1229 et
1098 1195 1158 1229 sub
1187 1198 1282 1241 penis
1311 1195 1533 1241 infrascriptis
1564 1207 1580 1228 a
1610 1195 1708 1230 vobis
1738 1200 1770 1229 et
1797 1198 1921 1230 vestris
1946 1195 2200 1231 successoribus

332 1269 370 1291 ac
409 1261 530 1291 ceteris
566 1260 668 1303 ipsius
706 1257 850 1290 ecclesie
888 1259 1042 1302 personis
1080 1259 1251 1302 perpetuis
1281 1255 1486 1302 temporibus
1515 1255 1653 1290 firmiter
1683 1261 1715 1289 et
1743 1255 1981 1290 inviolabiliter
2009 1256 2199 1291 observari.

332 1318 554 1352 Attendentes
574 1322 685 1351 tamen
707 1328 750 1351 ex
771 1317 958 1351 huiusmodi
988 1316 1260 1350 ordinacionibus
1290 1321 1322 1350 et
1351 1319 1493 1359 statutis,
1532 1319 1669 1351 vicariis
1699 1320 1869 1362 perpetuis
1897 1321 2013 1351 vestre
2042 1317 2199 1358 ecclesie,

331 1382 357 1414 si
392 1390 458 1413 non
496 1379 742 1425 provideretur.
781 1378 999 1424 preiudicium
1036 1380 1207 1423 generari.
1244 1378 1332 1412 unde
1366 1377 1522 1412 volumus
1558 1382 1593 1411 ut
1626 1377 1760 1411 cuilibet
1796 1380 2001 1412 vicariorum
2035 1378 2076 1412 de
2105 1378 2199 1412 dictis

332 1439 536 1474 obedienciis
571 1440 710 1484 singulis
749 1442 843 1473 annis
881 1443 1024 1484 quatuor
1061 1442 1174 1484 grossi
1212 1442 1243 1472 in
1274 1441 1380 1472 sancti
1410 1437 1549 1483 Georgii
1580 1443 1611 1472 et
1641 1438 1777 1472 totidem
1807 1441 1840 1472 in
1869 1441 1975 1473 sancti
2002 1438 2199 1473 Wenceslai

332 1501 425 1534 festis
460 1512 520 1546 pro
559 1512 674 1535 eorum
705 1504 869 1535 interesse
901 1500 1020 1534 dentur
1038 1505 1070 1534 et
1099 1500 1273 1534 solvantur
1302 1511 1345 1533 ex
1366 1502 1560 1545 premissisz,
1590 1499 1788 1533 addiciendo
1817 1498 1970 1533 omnibus
2000 1504 2033 1533 et
2060 1499 2200 1545 singulis

332 1561 599 1597 obedienciariis.
639 1565 691 1606 qui
730 1573 832 1596 onera
863 1565 911 1596 eis
940 1560 1171 1595 incumbencia
1201 1560 1257 1594 vel
1286 1563 1445 1606 pecunias
1474 1563 1506 1594 in
1536 1563 1685 1594 terminis
1715 1563 1950 1606 suprascriptis
1978 1560 2036 1594 vel
2064 1563 2112 1594 eis
2140 1571 2201 1606 per

333 1622 509 1668 capitulum
549 1622 685 1668 prelixis
723 1628 775 1656 ant
815 1622 1020 1669 prefigendis
1055 1633 1122 1655 non
1160 1621 1385 1667 persolverint
1423 1624 1583 1655 canonica
1619 1623 1809 1654 monicione
1838 1625 1870 1655 et
1899 1623 2040 1655 termino
2069 1620 2199 1667 prefixo

336 1686 562 1728 peremptorio
606 1687 793 1728 ingressum
842 1684 987 1718 ecclesie
1017 1683 1258 1725 interdicimus,
1294 1687 1325 1716 et
1362 1685 1402 1720 si.
1444 1681 1531 1727 quod
1570 1680 1666 1716 absit.
1704 1681 1892 1715 huiusmodi
1929 1681 2140 1728 interdictum
2169 1686 2202 1716 et

332 1747 586 1789 suspensionem
617 1747 832 1778 sustinuerint
863 1756 923 1791 per
953 1755 1103 1778 mensem
1135 1748 1164 1777 et
1195 1743 1338 1777 medium
1368 1747 1577 1789 sequentem7
1608 1754 1705 1788 quem
1737 1745 1784 1777 cis
1813 1753 1874 1789 pro
1895 1745 2057 1776 canonica
2086 1745 2200 1776 moni-

332 1808 429 1838 eione
459 1809 489 1838 et
519 1808 659 1838 termino
688 1804 897 1850 prefigimus.
927 1810 1051 1839 extunc
1082 1807 1400 1838 coninnlnicacionis
1430 1806 1647 1840 sentenciam.
1670 1814 1767 1848 quam
1789 1808 1913 1837 extunc
1940 1808 2039 1849 prout
2067 1814 2201 1837 exnunc

333 1870 363 1899 et
394 1876 526 1899 exnunc
556 1870 653 1910 prout
683 1870 805 1899 extunc
835 1866 921 1899 dicta
951 1868 1112 1899 canonica
1143 1867 1332 1898 monicione
1362 1867 1525 1910 premissa
1556 1867 1587 1897 in
1616 1863 1680 1898 hiis
1709 1866 1841 1909 scriptis
1870 1863 2020 1907 ferimus,
2055 1864 2201 1898 incidant

333 1928 404 1971 ipso
435 1925 534 1959 facto.
564 1929 626 1959 nisi
656 1937 692 1959 so
723 1938 766 1960 ex
792 1928 880 1971 justa
912 1938 1010 1961 causa
1042 1937 1209 1960 excusare
1237 1928 1376 1972 possint.
1419 1936 1517 1972 quam
1547 1930 1623 1958 ante
1652 1924 1833 1959 solucionis
1863 1927 2038 1958 terminum
2069 1924 2107 1958 ad
2137 1935 2200 1959 sex

334 1987 403 2020 dics
433 1998 546 2020 coram
577 1987 721 2032 capitulo
755 1987 954 2021 tenebuntur
982 1998 1173 2034 proponere
1203 1991 1233 2020 et
1263 1985 1427 2033 probare3
1461 1997 1523 2031 qua
1553 1989 1689 2032 peracta
1720 1989 1750 2018 et
1780 1984 1918 2030 probata
1948 1989 2073 2019 extunc
2101 1987 2200 2031 capi-

334 2047 432 2080 tulum
463 2050 611 2090 graciam
643 2051 673 2081 in
704 2052 771 2081 toto
794 2049 845 2081 vel
869 2051 898 2082 in
921 2053 1014 2094 parte
1035 2049 1174 2082 solvere
1194 2058 1259 2081 non
1280 2049 1406 2093 potenti
1426 2046 1538 2085 faciet,
1567 2046 1623 2080 vel
1643 2045 1704 2079 sibi
1726 2045 1765 2079 ad
1787 2045 1984 2080 solvendum
2010 2045 2199 2090 longiorem

334 2110 508 2140 terminum
539 2107 597 2141 sub
627 2111 720 2154 penis
750 2112 926 2154 proscissis
956 2114 1051 2155 prout
1082 2112 1192 2143 visum
1222 2108 1321 2141 fuerit
1349 2106 1555 2153 prorogabit.
1586 2106 1625 2140 In
1655 2116 1795 2151 quornm
1826 2109 1971 2140 omnium
2004 2110 2199 2152 perpetuam

334 2171 527 2201 memoriam
557 2173 705 2201 nostruin
737 2174 767 2202 et
798 2173 955 2216 prepositi
986 2170 1125 2215 predicti
1157 2173 1189 2207 et
1218 2169 1351 2215 capituli
1380 2168 1487 2213 sigilla
1517 2165 1731 2213 presentibus
1760 2171 1833 2200 sunt
1863 2177 2022 2212 appensa.
2061 2165 2199 2212 Nosque

333 2228 498 2261 Ditwinns
528 2232 715 2274 prepositus
745 2234 775 2263 et
805 2230 981 2275 capitulum
1013 2234 1201 2263 memorate
1231 2230 1375 2264 ecclesie
1405 2231 1510 2263 sancti
1539 2228 1626 2262 Petri
1657 2230 1688 2260 in
1716 2226 1826 2260 Bruna
1856 2226 2067 2272 presentibus
2097 2237 2201 2261 reco—

332 2291 525 2333 gnoscimus
564 2294 593 2322 et
635 2290 775 2323 l'ateninr
813 2294 1038 2336 suprascripta
1080 2290 1190 2324 omnia
1227 2295 1259 2324 et
1297 2290 1427 2335 singula
1467 2290 1505 2323 ad
1537 2291 1734 2335 peticionem
1765 2292 1798 2321 et
1826 2290 2020 2321 instanciam
2051 2292 2199 2321 nostram

333 2361 392 2395 per
436 2351 658 2383 reverendum
704 2354 735 2384 in
776 2350 908 2385 Clu-isto
949 2356 1075 2397 patrem
1121 2356 1151 2385 ct
1191 2351 1358 2384 (lominum
1398 2355 1546 2385 nostrum
1589 2349 1756 2382 dominum
1795 2347 1969 2382 Nicolaum
2007 2350 2200 2394 episcopum

335 2410 591 2444 (iilonuicvnsmn
623 2412 807 2456 predictum
840 2424 916 2445 esse
947 2417 977 2445 et
1008 2412 1110 2447 fuisse
1139 2412 1226 2446 facta
1257 2410 1438 2457 approbata
1469 2415 1501 2444 et
1530 2409 1725 2443 confirmata
1755 2413 1787 2442 ot
1815 2412 1864 2443 sui
1893 2413 1991 2454 atque
2011 2413 2201 2443 nostrorum

333 2470 515 2515 sigillorum
555 2475 760 2516 appensione
800 2475 921 2505 munita
962 2476 991 2506 in
1033 2476 1255 2506 testimonium
1293 2475 1544 2518 premissorum.
1602 2471 1689 2504 Acta
1720 2474 1753 2503 et
1781 2469 1856 2503 data
1885 2473 1916 2503 in
1946 2473 2057 2503 castro
2087 2473 2201 2503 nostro

332 2530 449 2564 Mei-an
489 2542 574 2564 anno
614 2531 736 2565 domini
767 2532 940 2566 millesimo
972 2537 1208 2567 trecentesimo
1239 2535 1458 2578 nonagesimo
1488 2531 1649 2574 secundo,
1689 2531 1741 2565 die
1775 2533 1937 2565 vicesima
1966 2534 2082 2575 quarta
2110 2528 2200 2564 Maii.
