2313 3090
1230 187 1277 220 30

1218 289 1294 324 38.

330 368 402 401 Der
442 369 614 401 Olnmtz-er
652 367 801 411 Bisaltas
826 367 994 400 xit-olaus
1032 367 1199 400 bestimmt
1229 368 1291 400 den
1327 367 1460 401 'I'erme'n
1502 380 1562 401 3111·
1599 367 1840 411 Verhamllnny
1870 366 2037 400 z-we'schen
2066 367 2186 399 seinen

502 430 569 461 mn!
597 430 659 461 (len
691 428 818 461 Lentem
849 429 908 461 des
937 428 1073 460 ,ΙοΙιαηη
1106 440 1168 461 ron
1200 420 1389 472 Zumpaele.
1422 428 1479 461 Dt.
1512 428 1627 461 Μίνωι
1656 427 1690 461 6.
1722 428 1859 471 Auynst
1889 426 1999 460 1391.

482 504 627 557 Bobius
657 524 788 556 domine
818 528 846 555 et
878 527 983 556 amice
1013 526 1196 557 carissime.
1229 524 1321 558 Sicut
1352 524 1446 558 nobis
1465 527 1656 569 seripsistis‚
1683 525 1769 569 quod
1791 526 1965 557 terminum
1988 534 2189 568 poneremus

329 583 538 617 Sobescbino
556 595 594 616 ae
612 583 824 617 familiaribus
846 587 968 617 nostris
985 589 1014 617 et
1032 584 1281 618 Thomaschoni
1299 585 1450 618 familiari
1469 590 1584 619 vestro
1600 585 1700 618 hodie
1716 585 1754 617 ad
1783 589 1850 618 tres
1871 586 2084 629 septimanas.
2106 586 2189 616 sicut

329 645 479 678 dominus
501 643 604 677 Pusea
627 645 666 677 de
687 644 824 677 Kunstat
846 655 888 677 ex
910 649 1003 689 parte
1024 645 1147 678 domini
1164 648 1267 679 nostri
1284 645 1400 678 Jodoei
1423 645 1625 679 marchionis
1644 645 1798 678 Moravie
1814 648 1900 677 inter
1915 655 1977 677 nos
1993 648 2189 687 tractasset:

330 708 370 737 ita
400 708 486 738 scire
516 706 636 737 velitis.
668 704 752 748 quod
785 704 902 737 vasalli
931 708 1035 738 nostri
1074 710 1249 739 terminum
1280 705 1400 739 babent
1436 709 1465 739 in
1497 705 1681 739 Chi-emisit·
1710 705 1792 739 feria
1822 709 1938 749 quarta
1967 706 2120 749 proxima
2150 704 2189 737 ad

330 765 587 809 quatuordecem
610 765 690 798 dies.
713 764 751 798 ad
775 776 872 809 quem
892 769 1011 799 venire
1032 771 1197 800 tenentur.
1226 767 1291 800 Sed
1314 778 1357 800 ex
1378 778 1441 811 quo
1463 766 1559 800 vobis
1581 767 1687 811 placet
1708 766 1806 799 hodie
1827 766 1867 799 ad
1888 770 1956 799 tres
1977 767 2191 810 septimanaS.

331 830 404 858 tune
427 826 578 858 volumus
598 825 684 858 illam
707 825 822 858 feriam
845 831 994 871 quartam
1016 832 1047 860 ut
1068 827 1237 872 prefertur
1257 830 1451 861 continuare
1472 827 1510 859 ad
1543 827 1628 860 diem
1659 827 1857 859 dominicam
1886 830 2095 871 sequentem,
2126 825 2191 858 boc

331 891 377 918 est
397 885 493 918 bodie
510 885 548 918 ad
567 890 633 918 tres
649 889 862 930 septimanas.
877 898 973 931 quein
992 891 1166 921 terminum
1181 888 1428 922 Thomaseboni
1447 887 1599 920 familiari
1612 892 1726 920 vestro
1743 891 1775 920 et
1790 886 1874 925 aliisq
1891 897 2030 931 quorum
2043 889 2193 928 interest,

331 945 539 991 presentibus
569 949 827 991 peremptorium
859 950 1080 991 assignamus.
1125 949 1208 982 Nam
1240 952 1271 982 in
1301 948 1419 982 eodem
1450 951 1592 981 termino
1622 948 1776 981 volumus
1806 958 1882 981 esse
1910 947 2134 992 personaliter
2162 951 2195 980 et

332 1006 458 1040 videre.
489 1006 575 1050 quod
605 1009 782 1051 unicuique
812 1006 865 1040 fiat
883 1010 1033 1049 iusticia·e
1063 1009 1117 1043 ubi
1147 1012 1251 1043 eciam
1271 1009 1399 1054 aliquos
1416 1019 1459 1042 ex
1489 1011 1611 1042 vestris
1631 1010 1781 1054 poteritis
1802 1011 1945 1051 mittere,
1967 1018 2050 1053 quos
2070 1007 2192 1041 velitis.

332 1065 371 1099 Et
401 1068 482 1099 sicut
514 1066 608 1099 nobis
637 1070 829 1112 scripsistiS.
869 1069 955 1113 quod
994 1080 1053 1114 per
1084 1073 1301 1115 purgravium
1331 1074 1480 1103 nostrum
1520 1072 1551 1102 in
1579 1068 1779 1102 Jestihoriez
1809 1072 1922 1103 essent
1949 1069 2058 1113 aliqua
2087 1068 2195 1102 ablata

333 1126 438 1159 eidem
478 1126 738 1164 Thomascboni.
782 1131 823 1161 ita
863 1132 950 1162 scire
986 1130 1108 1165 velitis.
1145 1131 1232 1176 quod
1270 1130 1386 1164 Buben
1427 1134 1628 1175 purgrravius
1666 1133 1696 1163 in
1734 1129 1939 1175 Potenstayn
1978 1129 2018 1163 de
2060 1129 2196 1174 speciali

334 1187 487 1220 mandato
518 1188 639 1221 domini
669 1192 773 1222 nostri
799 1193 890 1233 regis
920 1189 1058 1224 Boemie
1097 1194 1273 1225 intromisit
1311 1204 1347 1225 se
1386 1192 1426 1225 de
1456 1191 1550 1225 bonis
1580 1191 1656 1224 dicti
1686 1189 1954 1224 Thomaschonis
1983 1194 2015 1223 et
2043 1189 2196 1232 alioruin,

333 1251 386 1292 qui
416 1247 536 1281 habent
567 1252 597 1281 in
628 1261 734 1293 regno
765 1249 902 1283 Boemie
932 1255 962 1284 et
992 1254 1096 1284 eciam
1127 1255 1160 1285 in
1181 1251 1275 1285 bonis
1296 1255 1418 1285 nostris
1448 1251 1657 1285 Jestiboriez.
1691 1250 1731 1284 Et
1751 1255 1925 1296 postquam
1946 1253 2199 1296 scripsissemus

334 1309 405 1341 sibi.
437 1309 521 1353 quod
553 1310 728 1343 dimitteret
761 1310 855 1344 nobis
885 1312 936 1344 illa
957 1312 1056 1347 bona
1087 1312 1126 1345 de
1148 1312 1265 1357 quibus
1286 1315 1459 1346 intromisit
1487 1323 1523 1345 se
1544 1315 1576 1345 in
1596 1311 1692 1345 bonis
1712 1314 1835 1345 nostris
1855 1323 1907 1350 eoq
1938 1311 2025 1356 quod
2046 1311 2198 1345 dominus

336 1374 449 1402 noster
479 1381 539 1403 rex
569 1370 667 1403 niebil
698 1370 834 1404 baberet
865 1375 895 1405 in
926 1372 987 1405 illiS
1017 1372 1144 1406 facere.
1175 1375 1275 1406 cessit
1305 1372 1400 1406 nobis
1430 1373 1470 1406 de
1501 1373 1595 1406 bonis
1625 1372 1761 1406 eisdem.
1806 1371 1915 1417 Super
1945 1371 2061 1417 quibus
2092 1374 2196 1405 eciam

336 1433 440 1474 parati
479 1441 592 1464 sumus
631 1434 661 1464 in
701 1435 841 1465 termino
871 1433 1038 1467 antedicto
1068 1433 1182 1467 facere
1212 1438 1244 1467 et
1273 1436 1438 1478 reeipere‚
1477 1433 1632 1478 quidquid
1662 1433 1860 1466 dictaverint
1890 1442 1950 1478 pro
1980 1435 2051 1466 iure
2080 1431 2197 1466 vasalli

337 1493 460 1523 nostri:
491 1502 565 1524 nain
596 1492 636 1524 de
655 1495 780 1525 iusticia
811 1504 945 1538 semper
974 1496 1097 1527 erimus
1127 1497 1286 1536 contenti,
1317 1494 1494 1527 dummodo
1524 1494 1674 1527 similiter
1703 1493 1797 1527 nobis
1828 1493 1899 1527 fieri
1925 1496 2050 1539 posset.
2080 1493 2199 1526 Datum

336 1549 465 1583 Meraw
497 1552 548 1584 die
579 1552 743 1585 dominica
774 1558 849 1586 ante
880 1553 1065 1588 Laurencii.

649 1658 723 1686 (Ans
749 1658 808 1682 «leui
837 1658 1068 1683 Pi‘ilioneiibuelie
1095 1660 1115 1685 Ι.
1142 1660 1190 1687 fol,
1218 1660 1255 1685 435·
1283 1669 1345 1685 zuni
1371 1659 1398 1685 J.
1428 1660 1503 1684 1391
1533 1659 1568 1684 ini
1594 1659 1746 1687 fi'irsterzb,
1772 1659 1896 1685 Archive
1920 1660 1949 1685 in
1974 1654 2144 1696 Kremsier.)

1226 1812 1303 1846 39.

449 1883 637 1929 „llarlfiqraf
659 1885 771 1918 ,lodnt-
802 1887 944 1920 rerlez'ltl
973 1888 1035 1921 det·
1066 1888 1169 1922 Slmll
1198 1889 1310 1923 Jla'hr.
1346 1890 1486 1923 Tralmu
1517 1893 1613 1923 einen
1644 1890 1857 1924 Jaltrmarltl.
1892 1890 1946 1924 Dt.
1980 1890 2101 1924 Brillm

1104 1950 1135 1982 7.
1170 1950 1303 1993 :tn-qus!
1336 1950 1444 1983 1391.

499 2021 667 2076 olodoeus
697 2043 748 2076 ‹lei
778 2048 883 2082 oratu:
907 2045 1054 2078 marebio
1081 2051 1112 2079 et
1134 2047 1286 2080 dominus
1306 2047 1492 2081 Moraviae.
1525 2048 1686 2088 Quamvis
1707 2059 1766 2093 pro
1787 2047 1992 2081 subditormn
2015 2053 2205 2082 nostrorum

344 2100 548 2144 profectibus
577 2113 619 2135 ex
649 2103 801 2145 attributa
833 2105 925 2138 nobis
955 2106 1111 2140 divinitus
1141 2110 1247 2151 gratia
1278 2112 1452 2142 teneamur
1472 2109 1656 2142 intendere.
1686 2109 1876 2154 specialiter
1897 2113 2008 2143 tamen
2029 2109 2068 2143 ad
2090 2120 2206 2143 eorum

344 2160 517 2193 commoda
548 2166 779 2206 prospicimus.
812 2168 864 2209 qui
895 2167 1042 2202 :militau-
1072 2171 1224 2212 eorporis
1255 2173 1286 2201 et
1316 2173 1434 2202 inentis
1464 2169 1623 2203 industria
1647 2173 1677 2203 in
1699 2169 1793 2203 bonis
1814 2169 2052 2215 temporalibus
2072 2172 2208 2216 cupiunt

346 2225 550 2265 promoveri.
582 2224 805 2263 Quamobrem
837 2227 1044 2260 attendentes
1076 2229 1242 2265 magnifici
1272 2235 1303 2263 et
1333 2230 1451 2263 nobilis
1473 2233 1534 2263 viri
1567 2230 1706 2263 Erbardi
1729 2231 1769 2263 dc
1790 2229 1927 2264 Cunstat
1948 2230 2084 2264 baronis
2104 2233 2209 2265 nostri

347 2280 450 2313 tidelis
488 2282 596 2314 dilecti
633 2285 720 2325 justa
748 2290 958 2329 praecamina
999 2292 1029 2320 et
1060 2290 1270 2323 considerata
1302 2294 1332 2324 in
1362 2291 1479 2325 talibus
1510 2294 1635 2335 ingenti
1665 2291 1887 2336 providentia.
1917 2302 2003 2336 quae
2036 2291 2208 2325 utilitatem

349 2341 594 2375 marchionatus
631 2348 732 2377 nostri
774 2346 944 2380 Moraviae
970 2360 1034 2381 non
1072 2351 1177 2383 solnm
1217 2354 1393 2396 privatam.
1425 2363 1542 2385 verum
1581 2351 1805 2385 universalem
1836 2356 1867 2385 et
1896 2351 2059 2397 publicam
2089 2354 2210 2398 poterit

349 2413 540 2446 procurare.
581 2407 691 2437 animo
730 2406 912 2440 deliberato
951 2421 990 2441 ae
1023 2410 1063 2443 de
1102 2416 1192 2444 certa
1233 2417 1346 2446 nostra
1376 2416 1527 2446 seientia.
1563 2424 1627 2446 non
1659 2424 1717 2458 per
1746 2423 1897 2446 errorem
1927 2417 1982 2446 aut
2010 2412 2209 2458 improvide,

349 2462 405 2494 sed
452 2467 575 2495 matura
607 2464 858 2500 deliberatione.
899 2480 979 2501 sano
1019 2471 1057 2503 ad
1097 2471 1161 2505 boc
1199 2473 1343 2506 fidelium
1383 2478 1572 2507 nostrorum
1610 2473 1793 2507 accedente
1829 2474 1968 2507 consilio
2006 2476 2038 2506 in
2076 2475 2211 2507 civitate

350 2521 507 2555 'l‘ribovia
539 2529 778 2558 concessimus.
812 2528 1014 2562 indulsimus.
1047 2536 1076 2563 ut
1109 2537 1211 2577 possit
1242 2534 1349 2567 sorum
1379 2534 1532 2567 annuale.
1565 2533 1650 2578 quod
1680 2534 1867 2577 vulgariter
1896 2533 2062 2567 nundinae
2090 2533 2211 2579 appel-

351 2582 467 2625 tantur,
500 2587 528 2616 in
562 2585 645 2617 festo
666 2590 900 2631 assumptionis
926 2595 1060 2623 sanetae
1083 2592 1208 2625 Mariae
1229 2597 1369 2633 vii-ginis
1392 2597 1512 2627 institui
1534 2599 1565 2627 et
1587 2605 1679 2627 inore
1700 2599 1861 2627 consueto
1883 2594 2001 2627 ibidem
2023 2596 2211 2628 instaurari.

353 2642 582 2677 Decernentes
621 2657 783 2690 expresse
823 2652 850 2679 et
895 2652 1013 2682 vii-tute
1053 2657 1275 2695 praesentium
1315 2659 1509 2696 statuentes
1549 2659 1580 2687 ut
1611 2655 1795 2700 praefatum
1826 2654 1932 2688 forum
1968 2654 2108 2688 annuale
2137 2658 2213 2688 ante
