2313 3090
111 487 188 520 Der
225 486 360 530 Pruyer
395 485 677 531 erz-bisclzo'fliclee
715 488 867 520 vicarius
897 488 928 519 ile
967 485 1208 532 spiritualibus
1240 485 1312 529 qibt
1343 487 1405 520 (len
1439 486 1614 519 Olmatz-er
1646 486 1835 519 canonicis
1866 485 1980 518 Adam

112 547 180 581 med
207 545 363 581 Hs'ilhelm
396 547 459 580 dus
480 546 602 581 Recht.
635 548 665 579 iu
697 548 759 580 deu
782 547 971 581 Preces-sen
1003 548 1062 580 des
1096 546 1270 580 Olmntz-er
1293 546 1450 591 Capilels
1480 547 1534 580 die
1564 546 1707 580 Instanz-
1743 547 1803 580 (les
1845 545 1980 589 Prayer

465 608 533 641 med
565 606 871 641 Olnmtz-erts'iears
901 608 1110 641 (1itsz-m'll1en.
1145 607 1203 641 Dt.
1236 607 1329 651 Pra9
1358 607 1391 641 3.
1423 608 1498 641 Jale·
1531 607 1637 641 1393.

267 683 548 737 Honorabilibus
577 706 660 737 viris
690 703 831 737 dominis
860 704 937 738 Ade
967 704 1179 737 decretorum
1210 703 1339 737 doctori
1369 709 1401 737 et
1430 703 1614 738 wilhelmo
1644 706 1807 737 canonico
1837 702 1982 736 ecclesie

110 764 344 799 Olomucensis
382 764 522 798 salutem
552 767 584 798 in
614 764 760 798 domino.
817 764 880 797 Pro
910 769 1004 810 parte
1033 763 1276 798 venerabilium
1308 767 1456 798 virorum
1487 765 1695 798 dominorum
1728 791 1735 798 .
1767 791 1774 797 .
1805 764 1923 797 decani
1954 767 1983 796 et

110 825 245 871 capituli
283 825 428 859 ecclesie
465 824 700 858 Olomucensis
730 826 895 858 antediete
925 828 1114 870 expositum
1145 829 1195 858 est
1224 824 1332 860 nohis.
1372 830 1533 870 quatenus
1563 830 1700 871 propter
1729 829 1891 858 remotam
1922 824 1984 857 loci

110 886 304 920 distanciam
342 890 374 920 et
412 888 543 919 viarum
582 886 772 919 discrimina
810 890 843 919 et
880 886 1028 931 pericula
1067 885 1194 919 eisdem
1224 885 1366 919 dominis
1405 897 1513 929 grave
1544 890 1575 919 et
1604 897 1784 919 onerosum
1815 890 1916 919 esset.
1953 888 1984 918 in

110 947 250 992 singulis
279 949 426 993 ipsorum
457 949 567 980 causis
597 951 629 980 et
658 947 804 991 querelis
833 947 872 980 ad
904 947 1056 980 dominos
1086 945 1291 990 Pragensem
1323 950 1353 979 et
1376 946 1635 980 Olomueensein
1666 945 1828 980 officiales
1859 945 1985 979 habere

110 1018 298 1050 recursunn
328 1007 615 1053 supplicatumque
645 1006 740 1040 uobis
771 1018 845 1040 cum
875 1009 1036 1040 instancia
1067 1005 1175 1040 debita
1202 1009 1313 1040 existit
1342 1017 1402 1052 pro
1432 1012 1525 1052 parte
1547 1007 1729 1040 eorundem
1761 1007 1984 1040 dominorum.

111 1073 143 1102 ut
182 1071 230 1102 eis
268 1068 395 1102 iudices
432 1071 465 1102 in
503 1070 735 1114 prenominata
773 1068 916 1101 eeclesia
957 1067 1185 1101 Olomueensi.
1223 1068 1263 1100 ad
1302 1078 1385 1112 quos
1424 1072 1575 1113 tempore
1611 1070 1822 1101 necessitatis
1852 1067 1984 1100 valeant

113 1128 240 1163 habere
268 1129 449 1174 refugium.
480 1128 681 1162 deberemus
711 1128 792 1161 dare
822 1133 853 1161 et
883 1129 1043 1173 deputare
1064 1139 1124 1173 pro
1146 1131 1273 1161 iusticia
1295 1127 1336 1161 ab
1358 1131 1405 1162 eis
1427 1128 1617 1162 obtinenda.
1649 1133 1679 1161 ut
1702 1131 1792 1174 prius
1814 1138 1986 1161 reveren-

113 1190 268 1224 dissimus
303 1193 336 1223 in
373 1188 507 1223 Christo
544 1194 640 1235 pater
677 1189 829 1222 dominus
868 1193 982 1222 noster
1021 1188 1174 1221 dominus
1203 1188 1375 1222 Johannes
1406 1188 1679 1234 airliiepiseopus
1709 1188 1902 1232 pragensis.
1933 1191 1986 1232 qui

112 1261 199 1284 nunc
229 1250 269 1284 de
299 1250 426 1283 diocesi
454 1249 618 1294 Pragensi
647 1254 696 1283 est
727 1249 860 1283 absens.
901 1252 980 1294 ipsis
1009 1248 1096 1282 bone
1127 1252 1289 1282 memorie
1323 1252 1520 1293 magistrum
1550 1249 1738 1282 Jaroslaum
1778 1249 1914 1282 dederat
1955 1253 1986 1281 et

113 1311 334 1357 deputaverat
362 1322 422 1356 per
451 1321 528 1344 suas
557 1310 671 1344 literas
701 1311 846 1355 desuper
875 1310 1059 1343 confectas.
1113 1308 1183 1343 Nos
1213 1312 1313 1354 igitur
1342 1314 1406 1342 tani
1438 1310 1582 1343 ecclesie
1612 1321 1709 1354 quam
1738 1312 1892 1355 personis
1923 1312 1985 1342 iam

114 1373 209 1406 dictis
230 1372 454 1414 commodum=
486 1376 642 1417 quantum
665 1372 828 1405 valemus.
860 1374 891 1404 in
912 1370 1070 1404 absencia
1092 1371 1169 1404 dieti
1190 1370 1313 1403 domini
1333 1370 1579 1416 areliiepiseopi
1600 1370 1781 1403 subvenire
1803 1373 1986 1415 cupientes.

114 1431 418 1479 supplicacionibus
447 1443 579 1477 quoque
608 1432 704 1466 nobis
733 1432 773 1481 ad
805 1434 999 1465 instanciam
1031 1433 1294 1477 prescriptorum
1325 1430 1534 1464 dominorum
1557 1433 1649 1464 iustis
1670 1435 1702 1463 et
1729 1429 1986 1464 racionabilibus

114 1498 147 1527 et
175 1496 236 1527 iuri
267 1496 424 1527 consonis
441 1492 559 1527 oblatis
588 1498 785 1527 annuentes.
816 1492 912 1527 vohis
934 1493 1075 1525 dominis
1096 1494 1343 1537 suprascriptis,
1374 1491 1414 1524 ‹le
1435 1491 1604 1535 legalitate
1626 1495 1655 1524 et
1678 1493 1986 1535 circumspeccione

118 1557 242 1589 vestris
271 1554 447 1600 plurimum
476 1558 722 1600 presumentes,
753 1553 914 1588 ambobus
944 1556 974 1586 in
996 1553 1148 1596 solidum,
1170 1556 1223 1585 aut
1252 1555 1307 1585 uni
1337 1563 1380 1585 ex
1405 1551 1501 1585 vobis
1523 1551 1672 1585 absente.
1703 1552 1807 1585 altero
1838 1556 1986 1585 vesu-um

119 1620 238 1649 tenore
267 1618 479 1661 presencium
510 1618 745 1649 committimus
775 1618 909 1648 omnino
939 1614 1105 1647 volentes.
1135 1617 1299 1658 quatenus
1328 1615 1524 1646 anctoritate
1553 1613 1734 1646 ordinaria.
1765 1623 1862 1657 quani
1892 1611 1989 1645 vobis

114 1678 322 1722 mpartimur,
361 1675 401 1709 de
440 1678 550 1709 causis
589 1675 742 1709 omnibus
780 1681 811 1709 et
850 1675 989 1719 singulis
1028 1679 1091 1707 tam
1132 1672 1343 1719 presentibus
1383 1684 1478 1718 quani
1516 1673 1632 1707 suturis
1669 1684 1743 1706 cum
1775 1672 1927 1706 omnibus
1957 1676 1986 1705 et

117 1736 257 1781 singulis
286 1739 432 1782 ipsarum
463 1736 700 1782 dependenciis
730 1738 955 1780 emergeneiis
985 1740 1015 1768 et
1059 1737 1234 1776 connexis,
1271 1744 1352 1778 quas
1382 1733 1528 1767 decanus
1559 1739 1589 1767 et
1628 1734 1804 1779 capitulum
1844 1733 1989 1766 ecclesie

117 1800 183 1831 iam
210 1797 296 1831 dicte
325 1800 459 1831 nomine
489 1797 634 1831 ecclesie
663 1802 718 1831 aut
747 1797 936 1841 singulares
965 1806 1110 1841 persone
1141 1797 1243 1840 ipsius
1272 1793 1446 1827 habuerint
1478 1806 1536 1827 seu
1567 1794 1708 1828 babituri
1729 1798 1803 1828 sunt
1824 1794 1988 1827 adversus

117 1869 333 1904 quascunque
362 1869 525 1903 personas
555 1863 619 1891 tam
650 1858 839 1903 spirituales
869 1868 966 1902 quain
995 1856 1167 1890 seculares
1197 1858 1412 1900 cognoscatis
1451 1860 1481 1888 et
1512 1867 1569 1889 eas
1608 1855 1719 1889 ‹lebito
1749 1857 1828 1888 iuris
1858 1855 1987 1889 ordine.

114 1918 297 1953 secundum
338 1919 424 1964 quod
464 1922 609 1964 ipsarum
649 1923 766 1952 natura
797 1921 914 1961 exigit‚
955 1917 1114 1950 decidatis
1144 1916 1307 1950 facientes
1337 1919 1367 1949 in
1398 1919 1477 1961 ipsis
1507 1920 1537 1949 et
1568 1927 1681 1949 earum
1713 1915 1869 1960 qualibet‚
1901 1915 1986 1960 qnod

113 1979 347 2014 decreveritis.
386 1990 446 2025 per
484 1990 662 2012 censuram
702 1979 965 2012 ecclesiasticam
1007 1977 1145 2010 tirmiter
1182 1976 1369 2009 observari.
1427 1975 1546 2009 Testes
1582 1980 1704 2019 antean
1745 1978 1799 2020 qui
1829 1978 1986 2009 nominati

113 2039 247 2083 fuerint‚
286 2042 314 2073 si
348 2050 385 2073 se
421 2042 536 2084 gracia
575 2040 651 2073 odio
690 2042 810 2073 timore
842 2050 956 2072 anmi-e
987 2042 1040 2071 aut
1071 2037 1190 2071 favore
1220 2036 1457 2079 subtraxerint,
1498 2037 1593 2069 simili
1624 2047 1767 2069 censura
1798 2037 1836 2068 ad
1868 2035 1988 2081 pei-lii-

113 2099 256 2133 bendum
286 2103 510 2134 testimonium
541 2100 794 2146 compellentes.
826 2100 1068 2133 Connnittinius
1109 2097 1342 2131 nichilominus
1373 2097 1468 2130 vobis
1508 2099 1749 2130 exeeueionein
1790 2101 1986 2129 statutorum

113 2160 324 2207 synodalium
353 2165 386 2194 et
414 2160 671 2206 provincialium
701 2160 867 2194 adversus
896 2160 1096 2206 spoliatores
1126 2164 1158 2192 et
1187 2161 1364 2192 invasores
1395 2158 1556 2191 bonorum
1587 2158 1731 2190 ecclesie
1754 2157 1988 2190 Oloniueensis

113 2221 276 2267 predicte,
314 2224 420 2254 eciam
459 2233 485 2255 Sl
524 2232 667 2254 necesse
704 2221 803 2254 suerit
833 2221 970 2255 eosdem
1001 2232 1061 2266 per
1091 2230 1265 2253 censuram
1298 2218 1560 2251 eeclesiasticam
1600 2218 1782 2263 predictam
1813 2217 1852 2249 ad
1883 2220 1988 2250 satis—

113 2281 300 2315 faccionem
341 2281 485 2315 debitam
523 2281 767 2327 compellendo.
826 2281 861 2315 ln
900 2285 992 2315 enias
1032 2284 1079 2314 rei
1119 2282 1342 2314 testinitmiuin
1373 2284 1547 2324 presentes
1577 2278 1690 2311 literas
1729 2277 1799 2310 lieri
1830 2281 1860 2310 et
1890 2277 1988 2321 sigilli

113 2345 296 2376 vicariatus
325 2342 635 2388 archiepiscopatus
674 2342 853 2387 pragensis
893 2345 1099 2388 appensione
1139 2343 1293 2374 iussimus
1331 2342 1539 2372 communiri.
1598 2338 1716 2371 Datum
1754 2337 1861 2381 Praise
1900 2349 1988 2370 anno

115 2403 238 2437 domini
268 2401 600 2437 MCCCLXXXXIII
630 2404 682 2436 die
712 2403 767 2437 Ill.
800 2407 923 2437 niensis
953 2402 1039 2436 Julii.

428 2533 501 2566 (Ans
525 2533 587 2558 dem
613 2533 708 2559 Codex
734 2534 766 2564 Q.
794 2534 831 2560 11.
858 2534 893 2558 ini
919 2534 1069 2559 furstorzb,
1098 2532 1222 2558 Archive
1249 2532 1275 2556 in
1303 2530 1471 2556 Krene-ner.i
