2313 3090
1152 155 1225 189 442

1136 285 1242 321 497.

369 371 560 415 Marlryraf
581 369 693 403 Jodols
725 368 867 401 rerleihl
897 368 970 400 dem
1001 364 1167 398 Heinrich
1202 374 1263 396 ron
1295 362 1462 396 Nenhaus
1490 363 1554 396 das
1579 364 1671 407 freie
1704 361 2012 405 Testirnnysrecht.

866 427 924 460 Dt.
949 426 1069 459 Berlin
1099 424 1160 458 ⁶23.
1192 423 1387 457 November
1419 422 1529 458 1398.

422 508 592 561 Jodocus
622 528 673 560 dei
696 527 811 570 gracia
834 523 984 558 marchio
1005 520 1368 565 Brandemhurgensis,
1391 523 1477 554 sacri
1499 519 1642 554 Romani
1664 523 1793 566 imperii
1815 519 2130 556 archicamerarius.

262 589 410 624 marchio
447 593 477 622 et
517 588 668 621 dominus
696 585 863 627 Moram,
894 583 998 617 nobili
1027 586 1102 616 viro
1133 582 1267 615 domino
1297 581 1456 615 Heinrico
1487 581 1527 615 de
1556 581 1770 624 Novadomo.
1801 581 1882 614 alias
1913 579 1954 613 de
1983 579 2130 621 Hradec,

259 652 370 685 valido
399 649 494 683 nobis
524 652 656 682 sincere
686 646 821 680 dilecto.
852 644 980 678 favoris
1009 646 1115 678 nostri
1143 642 1343 677 beneficium
1374 653 1449 675 cum
1478 653 1605 678 amore.
1636 641 1765 676 Nobilis
1791 646 1823 675 et
1843 644 1978 675 sincere
1998 640 2130 675 dilecte.

260 713 303 748 U
340 711 476 745 affectus
512 712 617 743 nostri
654 717 814 747 amorem.
854 716 918 750 quo
955 710 986 738 te
1015 707 1156 738 sinceris
1187 703 1361 737 favoribus
1392 706 1639 749 prosequimur.
1669 705 1778 749 possis
1808 701 1979 736 efficacius
2007 704 2041 735 in
2069 704 2132 735 tuis

263 773 438 807 desideriis
477 772 637 816 experiri.
675 768 731 801 tibi
770 767 810 800 de
850 766 994 810 benigna
1027 770 1142 799 nostra
1172 767 1286 809 gracia
1318 764 1536 798 concedimus
1566 768 1597 797 et
1627 767 1750 808 vigore
1779 766 1993 809 presencium
2022 765 2133 796 animo

263 834 457 873 deliberato.
494 831 666 865 voluntate
705 828 810 862 libera
849 838 888 860 ac
925 827 965 861 de
995 832 1085 860 certa
1116 830 1229 859 nostra
1260 827 1406 858 sciencia
1437 824 1660 869 indulgemus,
1692 825 1778 869 quod
1809 826 1920 858 omnia
1950 823 2037 857 bona
2066 827 2133 866 tua,

263 906 326 940 que
364 897 395 927 in
433 891 663 926 marchionatu
695 895 810 924 nostro
841 888 995 922 Moravie
1026 887 1212 920 dinosceris
1242 885 1447 920 hereditario
1477 888 1630 932 optinere
1659 886 1765 921 titulo.
1795 888 1904 930 possis
1934 884 2026 928 dare,
2057 888 2135 918 cui-

263 966 404 1000 cumque
447 953 555 991 voles.
598 963 657 985 seu
700 954 752 984 cui
795 951 946 996 placeret
988 949 1118 993 legare,
1162 950 1304 980 sanitate
1342 949 1386 980 tui
1424 949 1588 993 corporis,
1625 947 1680 980 vel
1719 949 1826 979 eciam
1856 946 2135 991 quandocumque

264 1018 442 1060 contigerit
470 1018 502 1048 in
532 1015 705 1047 extremis.
737 1012 953 1045 Presencium
984 1009 1044 1042 sub
1074 1011 1178 1042 nostri
1208 1008 1307 1052 sigilli
1338 1011 1544 1053 appensione
1576 1010 1766 1041 testimonio
1787 1007 1983 1041 litterarum.
2013 1006 2133 1040 Datum

262 1080 293 1111 in
330 1076 455 1121 Berlyn
494 1073 632 1107 sabbato
663 1076 816 1118 proximo
847 1076 923 1105 ante
952 1070 1074 1104 festum
1105 1073 1222 1103 sancte
1251 1068 1447 1111 Katherine‚
1478 1079 1564 1102 anno
1597 1067 1721 1102 domini
1751 1068 1927 1102 millesimo
1958 1071 2134 1101 trecente-

265 1142 347 1172 simo
377 1138 598 1180 nonagesimo
628 1139 761 1167 octavo.

966 1193 1018 1227 Ad
1051 1192 1240 1226 mandatum
1272 1191 1394 1225 domini
1425 1192 1628 1224 marchionis
1658 1189 1837 1223 Heinricus
1867 1189 1908 1223 de
1938 1188 2085 1236 Spilner.

576 1275 666 1309 (Orig.
692 1275 772 1308 Perg.
799 1274 825 1298 h.
851 1273 909 1307 sig.
935 1273 972 1298 im
997 1272 1125 1298 Archive
1150 1280 1184 1297 zu
1210 1270 1369 1303 Neuhaus.)

1152 1366 1259 1402 498.

269 1449 379 1492 Als'z'lf‚
409 1448 556 1493 Pfarrer
585 1449 618 1481 in
648 1447 919 1487 Ait-Rausm·tz-‚
950 1446 1105 1479 belfemzt.
1136 1446 1218 1478 dass
1247 1457 1285 1478 er
1314 1444 1387 1477 dem
1417 1442 1552 1488 Stefan„
1583 1443 1780 1476 eanonicus
1799 1443 1833 1475 in
1855 1441 1987 1484 Bruma,
2006 1442 2139 1485 vierz-z‘q

563 1508 773 1553 massaris-che
804 1508 1014 1551 Goldqnlden
1044 1506 1201 1550 sclmlde'y
1229 1507 1290 1539 sei.
1324 1504 1381 1539 Dt.
1412 1504 1472 1539 30.
1506 1504 1700 1538 November
1730 1502 1842 1537 1398.

423 1585 650 1638 Constitutus
691 1604 914 1650 personaliter
949 1614 1063 1637 coram
1100 1601 1195 1636 nobis
1224 1601 1379 1635 Johanne
1408 1601 1503 1637 Kbel,
1536 1600 1670 1635 officiali
1700 1600 1813 1645 prag..
1843 1605 1876 1634 et
1905 1602 1988 1634 actis
2017 1601 2141 1634 nostris

269 1667 476 1712 obligatoriis
514 1668 667 1700 dominus
706 1665 869 1712 Alssyko.
910 1664 1070 1711 plebanus
1111 1663 1256 1697 ecclesie
1294 1666 1325 1696 in
1365 1663 1511 1707 Antiqua
1545 1661 1730 1704 Raussans‚
1762 1660 1915 1695 Olomuc.
1946 1660 2047 1704 dioc.⁹
2075 1670 2142 1694 non

268 1729 472 1774 compulsus.
503 1739 565 1761 nec
595 1731 745 1770 coactus.
779 1727 838 1760 sed
868 1731 986 1772 sponte
1017 1730 1047 1759 et
1077 1724 1183 1758 libere
1213 1723 1391 1758 confessus
1421 1727 1471 1757 est.
1496 1727 1527 1756 et
1548 1725 1763 1767 recognovit.
1785 1732 1822 1755 se
1843 1724 1978 1755 nomine
1998 1721 2144 1755 ecclesie

270 1800 329 1823 sue
367 1789 516 1834 predicte
554 1791 661 1822 teneri
698 1793 729 1821 et
766 1787 929 1821 debitorie
968 1786 1110 1831 obligari
1150 1789 1181 1819 in
1217 1784 1436 1830 quadraginta
1467 1783 1595 1817 duobus
1626 1783 1762 1817 florenis
1792 1781 2043 1827 ungaricalibus
2072 1784 2144 1816 auri

271 1850 349 1884 boni
378 1854 408 1883 et
438 1850 554 1894 legalis
585 1849 754 1894 ponderis,
786 1848 974 1882 honorabili
1003 1851 1077 1881 viro
1107 1847 1241 1880 domino
1272 1844 1457 1892 Stephano,
1489 1847 1652 1878 canonico
1674 1844 1820 1878 ecclesie
1841 1842 2026 1877 Brunensis
2046 1846 2143 1877 eius—

272 1911 345 1945 dem
387 1910 496 1952 dioc.;
534 1913 565 1943 in
604 1909 721 1955 quibus
751 1909 883 1955 quidem
914 1908 1050 1950 florenis
1078 1908 1229 1954 prefatus
1259 1907 1410 1940 dominus
1441 1905 1592 1951 Alssyko
1622 1905 1783 1951 plebanus
1814 1904 1934 1939 dictam
1965 1904 2143 1939 ecclesiam

271 1982 363 2006 suam
394 1975 427 2004 et
455 1970 581 2004 fructus
612 1970 757 2004 ecclesie
786 1982 846 2004 sue
873 1970 1021 2015 predicte
1042 1969 1151 2003 eidem
1173 1968 1307 2001 domino
1329 1966 1503 2013 Stephano
1525 1969 1689 1999 canonico
1710 1965 1874 2010 obligavit
1893 1965 2143 2012 percipiendum

272 2043 376 2078 usque
410 2033 449 2065 ad
479 2043 641 2066 summam
674 2032 877 2065 florenorum
908 2030 1148 2077 predictorum.
1177 2029 1265 2063 Acta
1295 2031 1370 2062 sunt
1400 2027 1462 2061 hec
1492 2038 1580 2060 anuo
1610 2026 1733 2060 domini
1762 2021 2146 2061 MOCCCLXXXXVIII

272 2093 324 2126 die
353 2093 464 2126 ultima
495 2095 624 2132 mensis⁸
648 2091 864 2135 Novembris.
895 2082 1105 2137 presentibus
1135 2090 1286 2132 Andrea.
1317 2091 1480 2122 canonico
1511 2086 1688 2130 Bru11e11si‚
1720 2086 1871 2132 Georgio
1900 2087 1941 2121 de
1962 2085 2145 2121 Chlumecz

272 2159 305 2188 et
334 2153 432 2187 Petro
463 2154 502 2187 de
533 2152 704 2199 Solopysk
734 2153 922 2187 clientibus.
1283 2147 1285 2149 ¹

584 2230 660 2268 (Ans
685 2232 747 2258 dem
772 2232 837 2260 Lib.
861 2232 956 2266 Oblig.
984 2232 1022 2258 ΙΙ.
1052 2231 1098 2257 12.
1122 2231 1140 2257 f.
1168 2231 1228 2256 ‘222
1254 2231 1290 2255 im
1315 2230 1424 2264 Prager
1447 2229 1515 2256 Met.
1541 2228 1781 2264 Cap.-A1·chive.)

1159 2325 1266 2361 499.

854 2404 1114 2448 Tauqernmnde
1145 2402 1203 2437 13.
1235 2402 1430 2437 December
1462 2401 1572 2435 1398.

433 2482 638 2546 Nlarkgraf
663 2500 773 2535 Jodok
803 2501 974 2545 bestattigt
1003 2501 1063 2534 der
1092 2499 1202 2534 Gattin
1233 2500 1291 2533 des
1320 2498 1471 2543 Biirgers
1500 2498 1670 2532 Hermann
1702 2498 1790 2532 Garz
1818 2501 1851 2532 in
1881 2496 2075 2532 Salzwedel
2094 2499 2149 2531 ein

280 2562 488 2606 Leibgeding
519 2566 548 2595 in
580 2563 641 2596 den
673 2562 820 2596 Dorfern
850 2562 947 2596 Rietz
977 2561 1044 2595 und
1074 2559 1196 2595 Bruck.

590 2642 701 2669 (ilii-del
727 2641 797 2666 (lod.
824 2641 930 2668 Brand.
957 2641 1000 2672 A..
1026 2640 1106 2667 XIV.
1132 2649 1159 2674 p.
1186 2639 1268 2674 200.)
