2313 3090
1238 190 1286 223 22

1228 311 1302 346 25.

337 392 442 435 Papst
470 391 676 436 Bouiface'us
705 392 767 425 IX.
791 392 952 434 bestciteyt
981 391 1054 423 clem
1084 389 1175 423 Abte
1195 401 1235 422 εει
1266 388 1426 422 Rrec-1201·
1457 389 1519 422 clas
1547 387 1669 429 [fec-ht,
1699 388 1754 421 die
1784 387 1929 420 Prior-en
1959 387 1992 419 in
2025 385 2192 429 Raiqeru.

648 453 756 486 Politz-
787 453 854 485 med
883 451 1055 485 Brammu
1086 462 1126 483 zu
1156 461 1340 483 ernemzen.
1375 448 1431 483 Dae.
1456 448 1543 482 Rom
1571 448 1606 482 8.
1638 448 1742 492 April
1773 447 1881 481 1391.

491 530 703 583 Bonifacius
742 551 919 593 episcopus
957 557 1078 581 servus
1107 555 1283 579 servorum
1320 545 1373 578 dei
1403 545 1529 579 dilectis
1558 544 1630 579 filiis
1660 544 1769 578 abbati
1799 549 1831 578 et
1860 545 2040 578 conventui
2070 553 2192 576 mona—

333 613 425 644 sterii
454 610 729 644 Brewuoviensis
759 619 863 654 prope
892 607 1046 651 Pragam,
1081 606 1206 640 ordinis
1235 608 1340 640 saneti
1369 604 1553 648 Benedicti„
1589 605 1728 640 salutem
1758 609 1790 638 et
1827 604 2043 650 apostolicam
2081 603 2191 637 bene-

334 672 530 704 diccionem.
561 670 717 703 Honestis
747 673 779 702 et
807 667 983 701 humilibus
1013 667 1175 713 suplieum
1211 669 1299 701 votis
1336 665 1477 699 libenter
1512 669 1686 699 annuimus
1715 665 1836 710 illaque
1865 663 2039 698 favoribus
2067 673 2192 709 prose-

334 735 464 778 quimur
492 733 697 777 opportunis.
755 728 844 762 Sane
874 731 994 774 peticio
1024 739 1083 773 pro
1112 732 1205 773 parte
1236 732 1349 761 vestra
1379 726 1473 760 nobis
1502 738 1608 772 nuper
1637 725 1784 759 exhibita
1814 723 2015 767 continebat,
2046 724 2131 769 quod
2162 727 2193 756 in

334 792 481 837 Regrad‚
522 792 629 825 Poliez
668 796 700 824 et
735 793 765 823 in
794 790 953 823 Brumow
989 791 1199 835 prepositure
1222 788 1302 822 alias
1331 790 1496 833 prioratus
1526 790 1713 832 nuncupate
1742 785 1819 819 dicti
1848 785 1984 827 ordinis,
2015 783 2193 828 Pragensis

333 857 365 886 et
395 852 626 886 Olomneensis
647 851 790 884 diocesis
812 850 956 891 suerunt,
977 853 1072 895 prout
1094 853 1180 891 sunt7
1211 848 1317 881 eidem
1340 853 1454 882 vestro
1476 849 1678 881 monasterio
1699 850 1731 879 et
1750 845 1860 879 abbati
1880 848 1982 891 ipsius
2002 846 2194 878 monasterii

333 924 392 959 pro
422 917 572 958 tempore
602 910 871 956 existentipleno
901 913 971 944 iure,
1000 910 1163 953 subiecte‚
1193 913 1507 952 consueveruntque
1538 909 1609 952 regi
1640 911 1672 940 et
1700 905 1881 951 gubernari
1910 917 1949 939 ac
1978 905 2018 939 de
2047 907 2194 951 presenti

333 978 494 1018 reguntur
515 978 542 1006 et
565 972 794 1017 gubernantur
815 983 874 1017 per
895 970 1078 1004 monachos
1098 972 1203 1004 vestri
1224 971 1429 1003 monasterii.
1459 968 1613 1013 quodque
1634 966 1736 1001 abbas
1757 966 1833 1000 dicti
1862 969 1966 1000 vestri
1988 967 2192 1001 monasterii.

333 1037 386 1079 qui
424 1038 474 1067 est:
512 1045 570 1079 pro
609 1037 771 1078 tempore.
810 1035 999 1078 prepositos
1038 1036 1070 1065 et
1104 1034 1234 1077 priores
1272 1031 1556 1075 prepositurarum
1596 1032 1628 1061 et
1665 1029 1870 1074 prioratuum
1900 1026 2124 1072 predictorum
2154 1036 2194 1059 ac

334 1097 489 1128 vicarios.
519 1096 571 1139 qui
603 1104 662 1139 pro
692 1097 842 1138 tempore
872 1095 902 1126 in
933 1094 1152 1138 preposituris
1181 1102 1240 1124 seu
1269 1088 1469 1135 prioratibus
1498 1088 1695 1134 supradictis
1725 1087 1931 1130 deserviunt,
1971 1089 2024 1132 qui
2061 1086 2192 1132 quidem

334 1157 448 1188 vicarii
479 1154 631 1188 monachi
662 1154 819 1188 duntaxat
850 1153 926 1187 dicti
957 1154 1148 1186 monasterii
1179 1161 1255 1184 esse
1284 1153 1545 1193 consueverunt,
1574 1160 1635 1194 pro
1655 1148 1727 1182 solo
1748 1152 1826 1181 nutu
1847 1152 1879 1181 et
1898 1146 2002 1181 libera
2024 1147 2193 1182 voluntate

333 1218 467 1249 instituit
507 1220 538 1248 et
576 1215 719 1248 destituit
759 1226 797 1247 ae
837 1216 1009 1247 instituere
1048 1217 1079 1245 et.
1117 1212 1299 1245 destituere
1337 1212 1512 1243 consuevit
1551 1221 1568 1242 a
1607 1213 1770 1254 tempore,
1808 1210 1901 1242 cuius
1930 1210 2097 1242 contraria
2127 1218 2192 1241 non

333 1278 453 1309 existit
484 1275 595 1316 Quare
623 1286 684 1321 pro
714 1279 807 1321 parte
837 1278 949 1308 vestra
979 1273 1074 1307 nobis
1096 1272 1155 1305 fuit
1184 1271 1351 1305 humiliter
1379 1270 1609 1316 supplicatum,
1638 1273 1672 1304 ut
1701 1271 1864 1316 premissa
1889 1271 2086 1302 auctoritate
2106 1279 2194 1314 apo-

332 1337 446 1370 stoliea
476 1335 677 1369 confirmare
707 1335 747 1369 de
776 1334 982 1379 benignitate
1011 1333 1195 1380 apostolica
1217 1332 1444 1377 dignaremur.
1475 1330 1544 1364 Nos
1565 1333 1664 1375 igitur
1685 1329 1872 1364 huiusmodi
1892 1328 2192 1375 supplicacionibus

333 1398 476 1431 inclinati
505 1399 667 1442 premissa
698 1398 895 1429 auctoritate
925 1395 1106 1441 apostolica
1137 1398 1253 1427 tenore
1289 1394 1500 1439 presencium
1538 1390 1775 1424 confirmamus
1812 1395 1844 1424 et
1879 1392 2044 1436 presentis
2080 1392 2192 1435 scripti

333 1460 515 1503 patrocinio
545 1459 796 1490 communimus.
850 1455 935 1489 Nulli
966 1466 1049 1499 ergo
1079 1457 1214 1489 omnino
1253 1453 1422 1487 bominum
1462 1452 1559 1485 liceat
1598 1451 1683 1486 lianc
1720 1453 1876 1497 paginam
1914 1455 2029 1484 nostre
2064 1449 2193 1484 confir-

334 1521 492 1551 macionis
522 1522 554 1550 et
583 1519 858 1551 communicionis
888 1516 1073 1561 infringere
1102 1515 1159 1549 vel
1188 1517 1218 1548 ei
1247 1525 1328 1548 ausu
1358 1515 1538 1547 temerario
1568 1515 1747 1546 contraire.
1797 1511 1831 1546 Si
1871 1514 1943 1557 quis
1980 1515 2090 1545 autem
2130 1510 2194 1545 hoc

332 1583 530 1624 attemptare
566 1581 819 1624 presumpseriu
859 1577 1129 1619 indignacionem
1169 1578 1404 1622 omnipotentis
1442 1575 1494 1609 dei
1531 1578 1564 1608 et
1603 1574 1774 1608 beatorum
1805 1573 1894 1607 Petri
1923 1577 1955 1607 et
1984 1572 2075 1606 Pauli
2105 1583 2192 1618 apo-

332 1640 489 1673 stolorum
521 1641 592 1672 eius
620 1650 657 1672 se
686 1640 817 1672 noverit
849 1640 1068 1671 incursurum.
1100 1636 1219 1670 Datum
1249 1636 1357 1670 Rome
1387 1636 1471 1682 apud
1501 1639 1650 1669 sanctum
1680 1634 1812 1668 Petrum
1843 1638 1940 1668 sexto
1970 1634 2042 1668 idus
2067 1632 2193 1679 Aprilis

333 1699 540 1745 pontificatus
571 1701 674 1733 nostri
704 1709 790 1732 anuo
820 1698 980 1731 secundo.

643 1803 734 1838 (Orig.
771 1805 852 1834 Pera.
886 1804 921 1828 im
955 1803 1040 1828 Arcb.
1074 1803 1123 1828 des
1149 1802 1196 1830 Kl,
1222 1802 1378 1832 Brovnowg
1404 1801 1519 1833 :ibgedu
1544 1801 1589 1826 bei
1613 1800 1799 1833 Ziegelbauer
1826 1799 1951 1825 Historia
1975 1801 2029 1824 etc.
2052 1807 2080 1832 p,
2108 1797 2191 1832 292.)

1224 1946 1299 1983 26.

336 2028 407 2061 Der
440 2028 610 2062 cardinal
638 2027 797 2061 Marinus
837 2027 999 2069 beslatv'yl
1029 2027 1102 2059 (lem
1122 2025 1281 2059 Bruclcer
1309 2024 1401 2058 Abte
1431 2023 1571 2058 Zdenlso
1601 2023 1655 2057 die
1686 2022 1844 2066 Zalalunq
1871 2022 2037 2066 yewisser
2067 2020 2192 2054 Gelder

334 2090 402 2122 mn!
447 2088 570 2133 befreit
599 2089 654 2121 v'lm
707 2098 770 2121 ron
817 2088 877 2120 der
924 2086 1283 2127 liz-commardentiore,
1332 2086 1366 2118 in
1401 2085 1456 2118 «lie
1491 2096 1529 2117 er
1564 2095 1680 2127 weqeu
1725 2081 1976 2125 Nieletzalzlmeq
2012 2079 2192 2115 der-<selben

685 2142 687 2146 ⁸
839 2148 992 2192 {Jeshllen
1023 2159 1106 2180 war.
1138 2146 1197 2180 Dt.
1230 2146 1318 2179 Rom
1347 2145 1406 2179 26.
1438 2145 1542 2190 April
1571 2144 1681 2178 1391.

490 2225 663 2279 lv'arinus
700 2247 920 2279 miseracione
959 2243 1069 2276 divina
1109 2247 1222 2276 sancte
1261 2242 1366 2276 Marie
1405 2253 1493 2276 nove
1531 2242 1690 2275 diaconus
1728 2239 1904 2273 cardinalis
1947 2238 2069 2271 domini
2107 2247 2191 2282 pape

332 2308 547 2340 camerarius.
579 2307 744 2339 universis
774 2309 806 2337 et
835 2304 973 2345 singulis
1002 2307 1176 2349 presentes
1206 2303 1318 2336 literas
1349 2305 1547 2348 inspecturis
1576 2301 1714 2335 salutem
1736 2303 1766 2333 in
1797 2299 1942 2333 domino.
1973 2297 2191 2332 Universitati

334 2370 444 2400 vestre
484 2366 738 2399 notuml'aeiinus
775 2376 835 2410 per
873 2368 1059 2410 presentes,
1095 2363 1180 2408 quod
1221 2363 1423 2397 venerabilis
1462 2367 1555 2409 pater
1591 2362 1742 2395 dominus
1781 2360 1885 2394 frater
1923 2358 2060 2393 Sdenko
2089 2357 2192 2392 abbas

333 2429 522 2460 monasterii
565 2426 733 2460 Lucensis.
779 2425 1098 2459 l‘renionstratensis
1136 2424 1273 2465 ordinis,
1312 2424 1545 2457 Olomucensis
1583 2423 1738 2465 diocesis,
1781 2432 1841 2467 pro
1879 2424 1973 2467 parte
2010 2421 2113 2466 partis
2142 2421 2191 2452 sui

332 2490 516 2521 eommunis
546 2490 693 2530 sei-vicii,
725 2490 753 2520 in
784 2498 849 2532 quo
879 2497 1013 2519 camere
1044 2484 1225 2530 apostolice
1255 2483 1315 2517 ¹sub
1344 2487 1444 2517 certis
1474 2486 1567 2529 penis
1597 2487 1628 2516 et.
1657 2484 1837 2517 sentenciis
1866 2483 2002 2515 racione
2032 2480 2108 2513 dicti
2142 2482 2190 2513 sui

333 2550 523 2581 monasterii
554 2550 656 2580 extitit
689 2546 872 2580 el'lieaeitei·
901 2545 1078 2587 obligatus,
1109 2547 1298 2589 octuaginta
1321 2544 1467 2577 llorenos
1487 2546 1557 2576 auri
1579 2543 1619 2576 (lo
1640 2553 1786 2577 camera.
1807 2541 1932 2575 solidos
1953 2543 2085 2585 triginta
2103 2542 2190 2574 octo.

331 2609 486 2641 denarios
516 2610 658 2652 quinque
689 2611 717 2639 et
749 2606 880 2639 obolum
913 2610 1044 2639 monete
1075 2605 1226 2638 Romane
1265 2604 1360 2638 nobis
1398 2609 1430 2637 et
1467 2615 1526 2650 pro
1556 2607 1648 2650 parte
1678 2605 1779 2648 partis
1817 2606 1957 2647 quatuor
1992 2603 2190 2634 minutorum

332 2671 551 2702 s‹.·rvieioruni
589 2671 823 2700 consuetorum
864 2665 1047 2700 debitorum
1079 2677 1137 2710 pro
1169 2664 1384 2698 familiaribus
1418 2668 1450 2696 et
1478 2662 1674 2697 officialibus
1704 2663 1778 2696 ‹licti
1810 2662 1931 2695 domini
1962 2663 2063 2694 nostri
2093 2670 2189 2705 pape,
