2313 3090
1222 197 1294 231 158

1213 302 1317 338 162.

328 383 437 417 Pabst
474 383 681 427 Bow'faeias
720 382 781 416 IX.
821 381 1022 424 beonslrayt
1060 381 1123 413 den
1163 379 1335 413 Olnmtz-er
1370 379 1611 425 biscleo'flicleen
1652 380 1793 425 Officia!
1829 381 1884 413 die
1922 379 2190 423 Entscleeidunffi

329 443 456 478 welche
486 444 547 476 der
580 443 793 476 Otr-owitz-er
822 440 893 474 Ab!
924 440 1092 474 mischeto
1123 441 1196 474 dene
1226 440 1374 485 Pfarrer
1395 442 1426 473 ῖη
1448 440 1599 474 Kitdcee'd
1618 441 1686 474 {md
1705 441 1766 474 der
1785 440 2191 474 Jolzannitereoumzende

473 507 504 537 ίη
534 504 705 537 Altbrz'llm
737 502 912 545 bez-aqlieh
944 502 1003 535 des
1033 501 1315 545 Zehentbezuqes
1342 501 1455 545 fa'llte,
1489 513 1562 535 rom
1591 513 1699 535 neuen
1730 513 1770 535 ε-ιι
1802 501 2041 535 atletersuchen.

981 561 1039 596 Dt.
1071 561 1223 605 Peruyia
1255 561 1286 595 1.
1317 561 1391 595 Jali
1418 561 1529 596 1393.

483 642 692 693 Bonisacius
723 661 900 704 episcopus
929 669 1050 691 servus
1088 668 1265 691 servornm
1303 658 1356 691 dei
1394 657 1514 692 dilecto
1552 658 1617 692 filio
1646 658 1778 692 officiali
1809 658 2022 692 Olomucensi
2051 657 2191 691 salntem

324 727 353 755 et
385 720 598 766 apostolicam
630 719 916 752 benediccionem.
953 718 1037 760 Quia
1074 717 1170 752 nobis
1200 719 1337 753 dilectus
1367 718 1450 752 filius
1479 718 1648 752 Bohdalus
1677 723 1789 752 rector
1819 718 1963 752 ecclesie
1991 717 2192 764 parochialis

323 786 354 816 in
385 781 523 816 Kiuhcid
557 781 789 814 Olomucensis
819 780 962 813 diocesis
992 782 1192 825 peticionem
1224 782 1433 817 monstravin
1464 779 1550 825 quod
1580 779 1657 812 olim
1687 779 1846 814 Thomas.
1877 782 1931 824 qui
1960 790 1996 812 se
2025 781 2113 824 gerit
2131 789 2193 824 pro

324 842 596 876 commendatore
635 841 751 874 domus
795 839 966 885 hospitalis
1009 842 1115 873 sancti
1157 839 1319 874 Johannis
1361 840 1622 874 Jerosolimitani
1664 843 1696 873 in
1739 841 1885 885 Antiqua
1927 838 2062 872 Brunna
2106 838 2193 872 dicte

323 904 466 937 diocesis
478 902 561 935 falso
573 901 743 935 referente
759 900 924 935 Jaroslae.
938 900 1058 934 abbate
1070 903 1263 935 monasterii
1276 900 1372 934 beate
1383 900 1490 934 Marie
1502 903 1644 945 virginis
1657 903 1688 933 in
1701 899 1911 933 Sabrdovicz
1923 910 2028 945 prope
2045 899 2190 933 Brunam

323 965 408 997 dicte
425 963 580 996 diocesis.
609 967 864 996 conservatore.
886 966 918 995 ut
940 960 1082 1005 dicebat⁷
1104 961 1211 995 eidem
1233 962 1498 995 commendatori
1520 966 1551 995 et
1581 961 1738 995 fratribus
1768 961 1916 994 eiusdem
1943 961 2060 994 domus
2077 964 2194 994 contra

322 1024 505 1058 inferentes
534 1025 582 1056 eis
611 1034 712 1068 super
749 1021 845 1056 bonis
876 1027 906 1055 et
935 1021 1037 1056 rebus
1066 1032 1181 1055 eorum
1211 1024 1348 1056 iniurias
1377 1022 1432 1055 vel
1461 1025 1606 1056 iacturas
1635 1033 1653 1055 a
1682 1021 1763 1055 sede
1792 1021 1974 1066 apostolica
2002 1031 2063 1066 per
2090 1023 2193 1066 ipsius

322 1085 410 1119 sedis
446 1084 559 1118 literas
599 1084 755 1130 deputato
791 1087 823 1115 et
861 1082 1005 1116 habente
1043 1083 1272 1127 cognoscendi
1310 1083 1350 1116 de
1388 1082 1462 1125 hiis‚
1503 1094 1566 1128 que
1604 1082 1791 1116 iudicialem
1829 1082 2020 1126 indaginem
2051 1084 2192 1126 exigunt

321 1146 514 1191 specialeme
536 1156 596 1191 per
625 1144 760 1178 easdem
790 1144 903 1177 literas
933 1147 1144 1189 potestatem,
1175 1143 1322 1177 decimas
1350 1143 1524 1177 bladorum
1547 1147 1578 1176 et
1598 1142 1764 1176 fructuum
1785 1142 1869 1176 infra
1890 1142 2011 1176 limites
2031 1141 2192 1188 parochie

322 1206 408 1239 dicte
437 1206 582 1239 ecclesie
611 1207 845 1239 existencium.
876 1216 940 1249 que
968 1204 1008 1237 ad
1039 1204 1160 1238 dictum
1188 1209 1355 1237 rectorem
1387 1204 1426 1237 de
1456 1207 1527 1237 iure
1556 1202 1763 1249 spectabant,
1793 1203 1833 1236 ad
1855 1202 1992 1236 eosdem
2012 1213 2192 1236 commen-

322 1267 471 1300 datorem
503 1270 535 1299 et
564 1265 685 1299 fratres
714 1268 896 1311 pertinere„
926 1265 1093 1310 quomodo
1123 1269 1178 1298 aut
1207 1265 1346 1309 qualiter
1375 1265 1471 1298 aliter
1498 1276 1565 1298 non
1594 1275 1758 1310 expresso
1788 1268 1820 1298 et
1849 1263 1936 1309 quod
1963 1263 2051 1297 idem
2080 1268 2194 1298 rector

321 1327 509 1361 huiusmodi
547 1326 694 1360 decimas
733 1326 921 1371 aliquandiu
960 1329 1188 1370 occupaverat
1225 1336 1264 1358 ac
1303 1325 1489 1359 detinuerat
1528 1336 1567 1358 ac
1603 1324 1771 1358 detinebat
1808 1323 1954 1358 indebite
1991 1328 2194 1370 occupatas:

321 1389 407 1421 idem
438 1387 540 1421 abhas
571 1387 610 1420 ad
641 1387 756 1421 falsam
797 1386 1001 1420 relacionem
1038 1385 1226 1420 huiusmodi
1255 1397 1298 1419 ex
1327 1391 1464 1432 arrupto
1493 1386 1579 1419 nulla
1609 1396 1710 1432 super
1738 1385 1852 1419 relatis
1881 1387 1960 1431 ipsis
1990 1387 2192 1430 cognicione

320 1447 507 1495 prehabita.
537 1450 691 1493 quamvis
720 1447 781 1481 sibi
811 1447 852 1480 de
881 1447 994 1480 relatis
1022 1449 1103 1492 ipsis
1132 1447 1339 1492 aliquatenus
1368 1458 1434 1480 non
1464 1451 1645 1490 constaret„
1675 1449 1759 1480 sicut
1787 1457 1851 1480 nec
1871 1450 2028 1480 constare
2047 1450 2191 1492 poterat,

321 1521 394 1543 cum
435 1519 535 1542 causa
574 1519 640 1541 non
679 1512 769 1541 esset
806 1510 936 1541 notoria
971 1518 1080 1552 neque
1118 1518 1214 1549 vera,
1245 1507 1365 1541 dictum
1395 1512 1563 1541 rectorem
1593 1510 1719 1541 monuit
1749 1511 1781 1540 et
1809 1506 1979 1540 mandavit
2008 1506 2129 1549 eidem,
2159 1510 2194 1540 ut

320 1570 405 1604 infra
435 1574 561 1602 certum
585 1572 760 1602 terminum
791 1570 1051 1613 peremptorium
1081 1572 1157 1601 tunc
1187 1579 1385 1613 expressum
1417 1568 1564 1602 decimas
1594 1568 1793 1611 huiusmodi,
1815 1570 1842 1601 si
1863 1571 2030 1610 extarent,
2047 1567 2192 1612 alioquin

321 1642 435 1665 earum
474 1641 592 1664 verum
632 1629 783 1663 valorem
823 1629 918 1662 dictis
956 1629 1219 1662 commendatori
1259 1633 1289 1662 et
1320 1628 1476 1663 fratribus
1505 1632 1698 1663 restitueret
1726 1633 1758 1662 et
1787 1628 1945 1662 decetero
1974 1638 2011 1662 se
2039 1627 2080 1661 de
2108 1638 2194 1673 per-

322 1695 483 1737 cepcione
513 1690 698 1724 huiusmodi
721 1690 923 1723 decimarum
946 1689 1132 1723 nullatenus
1149 1692 1393 1724 intromitteret.
1415 1690 1558 1735 alioquin
1580 1693 1611 1723 in
1633 1690 1773 1723 eundem
1795 1694 1975 1732 rectorem,
1996 1692 2031 1722 ut
2050 1688 2192 1729 dicebat,

321 1754 686 1786 excommunicacionis
721 1752 926 1783 sentenciam
956 1749 1202 1795 promulgabat,
1233 1751 1374 1784 eundem
1406 1750 1581 1784 mandabat
1619 1755 1649 1784 et
1688 1749 1831 1784 faciebat
1869 1751 2195 1783 excommunicatum

322 1813 452 1859 publice
489 1814 672 1845 nuncciari.
731 1810 794 1844 Pro
834 1815 927 1856 parte
956 1821 1040 1844 vcro
1070 1810 1146 1844 dicti
1176 1814 1317 1844 rectoris
1348 1811 1403 1844 snit
1435 1811 1519 1845 infra
1550 1811 1692 1845 eundem
1722 1813 1899 1844 terminum
1929 1820 2043 1844 coram
2073 1810 2193 1843 eodem

321 1873 441 1907 abbate
471 1872 670 1918 excipiendo
699 1874 919 1917 propositum.
951 1871 1036 1915 quod
1068 1882 1142 1904 cum
1172 1870 1233 1904 sihi
1263 1871 1303 1905 de
1333 1872 1446 1905 relatis
1476 1872 1664 1905 huiusmodi
1694 1871 1902 1917 aliquatenus
1931 1881 1997 1904 non
2014 1874 2196 1912 constaret7

323 1939 417 1980 prout
453 1945 515 1967 nec
554 1937 710 1966 constare
747 1935 889 1977 poterat.
929 1942 1002 1965 cum
1043 1942 1142 1965 causa
1181 1942 1247 1965 non
1286 1937 1375 1966 esset
1411 1936 1541 1966 notoria
1580 1944 1690 1978 neque
1719 1943 1813 1969 vera.
1843 1931 1993 1977 prefatus
2022 1930 2125 1965 abbas
2154 1930 2195 1964 ad

325 1998 546 2028 monicionem
583 1998 613 2027 et
652 1993 841 2026 mandatum
883 1992 1029 2038 predicta
1067 1997 1281 2038 processerat
1312 1996 1418 2027 minus
1458 1996 1540 2027 iuste
1584 1993 1757 2038 dictusque
1794 1997 1907 2026 rector
1943 1994 2122 2026 monicioni
2166 1996 2199 2026 et

325 2057 480 2090 mandato
520 2055 706 2088 huiusmodi
747 2066 866 2100 parere
906 2057 1040 2088 minime
1078 2053 1254 2087 tenebatur
1292 2059 1323 2087 et
1362 2055 1401 2087 ad
1442 2054 1470 2087 id
1511 2054 1551 2087 de
1588 2057 1659 2087 iure
1695 2053 1849 2098 compelli
1879 2064 1944 2086 non
1974 2056 2105 2098 poterat
2133 2063 2197 2086 nec

323 2116 463 2150 debebat
504 2121 533 2149 et
572 2115 611 2148 ab
651 2115 769 2148 eodem
809 2114 928 2148 abbate
958 2114 1126 2148 humiliter
1154 2115 1366 2160 postulatum.
1398 2119 1427 2148 ut
1460 2117 1682 2148 monicionem
1713 2118 1745 2147 et
1775 2113 1963 2147 mandatum
1993 2112 2197 2157 huiusmodi,

325 2182 489 2223 quatenus
520 2177 558 2210 ad
590 2188 627 2209 ca
659 2177 699 2209 dc
730 2176 818 2209 facto
847 2180 1075 2221 processerat.
1104 2180 1296 2209 revocaret.
1327 2175 1365 2208 Ei
1397 2178 1470 2220 quia
1502 2175 1588 2209 idem
1618 2174 1721 2208 abbas
1742 2175 1885 2208 eundem
1906 2177 2073 2207 rectorem
2096 2183 2198 2219 super

324 2239 387 2272 boe
427 2238 541 2271 audire
580 2242 694 2270 contra
735 2240 897 2270 iusticiam
937 2236 1131 2281 denegavit,
1168 2247 1228 2281 pro
1264 2240 1357 2281 parte
1396 2237 1471 2269 dicti
1502 2239 1656 2269 rectoris.
1687 2237 1867 2269 sencientis
1897 2234 2020 2268 exinde
2051 2233 2197 2268 indebite

323 2301 460 2336 arax-ari
497 2310 544 2331 se.
583 2298 638 2331 fuit
678 2298 716 2330 ad
756 2298 869 2330 sedem
901 2296 1116 2342 apostolicam
1147 2296 1358 2342 appellatum.
1416 2296 1581 2338 Quocirca
1613 2297 1812 2330 discrecioni
1842 2300 1896 2328 tue
1926 2306 1985 2340 pcr
2013 2294 2196 2340 apostolica

323 2363 443 2404 scripta
482 2359 688 2392 mandamus.
728 2363 889 2403 quatenus
927 2359 1069 2399 vocatis,
1108 2360 1161 2402 qni
1197 2362 1269 2391 sunt
1301 2357 1464 2390 evocandi
1495 2362 1525 2390 et
1556 2357 1674 2390 auditis
1703 2356 1858 2389 hincinde
1887 2357 2078 2401 propositis,
2109 2354 2196 2400 quod

324 2422 519 2452 canonicum
560 2420 628 2452 fuit.
668 2419 897 2464 appellacione
928 2423 1055 2452 remota
1087 2418 1262 2451 decernas.
1293 2417 1420 2450 faciens
1450 2418 1535 2462 quod
1567 2417 1763 2451 decreveris
1792 2427 1853 2461 per
1881 2426 2057 2449 censuram
2080 2414 2198 2448 eccle-

324 2483 491 2513 siasticam
532 2480 670 2512 firmiter
709 2479 897 2513 observari.
954 2479 1077 2513 Testes
1115 2483 1237 2512 autem.
1277 2481 1330 2523 qui
1366 2478 1485 2511 suerint
1525 2481 1696 2521 nominati,
1736 2480 1762 2511 si
1801 2488 1837 2510 se
1874 2479 2001 2521 gracia,
2039 2476 2115 2509 odio
2144 2475 2199 2509 vel

325 2544 443 2577 timor--
474 2540 711 2574 subtraxerint.
743 2552 884 2573 censura
916 2540 1011 2573 simili
1042 2539 1271 2586 appellacione
1288 2543 1442 2573 cessante
1472 2539 1665 2584 compellas.
1696 2540 1827 2572 veritati
1858 2539 2080 2570 testimonium
2110 2546 2197 2581 pro-

324 2600 451 2634 hibere.
511 2600 627 2633 Datum
661 2600 783 2633 l‘arusii
814 2600 965 2634 kalendis
995 2600 1071 2633 Julii
1100 2599 1309 2645 pontificatus
1339 2602 1443 2632 nostri
1473 2610 1559 2632 anno
1590 2603 1718 2644 quarto.

636 2680 767 2705 tlnscrirt
798 2680 825 2705 in
858 2680 907 2705 ‹ler
934 2680 1069 2705 Frkunde
1094 2679 1143 2704 ‹ts—s
1169 2679 1316 2703 tllmiitzer
1339 2679 1545 2703 biseln'vtliclnui
1578 2678 1724 2703 ‹titii-iales
1759 2677 1874 2702 ‚Idimum
1901 2685 1956 2701 von
1982 2675 2094 2701 Ghulen
2133 2674 2197 2700 ddo.

533 2732 579 2756 31.
605 2732 714 2756 .l:'inu‹·r
743 2733 831 2758 1:596,
857 2732 892 2757 ini
919 2732 1071 2758 fiirsterzb.
1100 2731 1226 2756 Archive
1251 2730 1278 2755 in
1305 2730 1474 2765 Kreuisier.)
