<?xml version="1.0" encoding="UTF-8"?>
<!DOCTYPE html PUBLIC "-//W3C//DTD XHTML 1.0 Transitional//EN"
    "http://www.w3.org/TR/xhtml1/DTD/xhtml1-transitional.dtd">
<html xmlns="http://www.w3.org/1999/xhtml" xml:lang="en" lang="en">
 <head>
  <title>
</title>
<meta http-equiv="Content-Type" content="text/html;charset=utf-8" />
  <meta name='ocr-system' content='tesseract 3.04.00' />
  <meta name='ocr-capabilities' content='ocr_page ocr_carea ocr_par ocr_line ocrx_word'/>
</head>
<body>
  <div class='ocr_page' id='page_1' title='image "./codexdiplomaticu12morauoft_0102.png"; bbox 0 0 2313 3090; ppageno 0'>
   <div class='ocr_carea' id='block_1_1' title="bbox 1174 241 1379 246">
    <p class='ocr_par' dir='ltr' id='par_1_1' title="bbox 1174 241 1379 246">
     <span class='ocr_line' id='line_1_1' title="bbox 1174 241 1379 246; baseline 0 0"><span class='ocrx_word' id='word_1_1' title='bbox 1174 241 1379 246; x_wconf 95' lang='lat' dir='ltr'> </span> 
     </span>
    </p>
   </div>
   <div class='ocr_carea' id='block_1_2' title="bbox 1224 372 1327 407">
    <p class='ocr_par' dir='ltr' id='par_1_2' title="bbox 1224 372 1327 407">
     <span class='ocr_line' id='line_1_2' title="bbox 1224 372 1327 407; baseline 0.01 -1"><span class='ocrx_word' id='word_1_2' title='bbox 1224 372 1327 407; x_wconf 79' lang='lat'>1⁰3.</span> 
     </span>
    </p>
   </div>
   <div class='ocr_carea' id='block_1_3' title="bbox 581 458 1987 563">
    <p class='ocr_par' dir='ltr' id='par_1_3' title="bbox 581 458 1987 563">
     <span class='ocr_line' id='line_1_3' title="bbox 581 458 1987 507; baseline -0.003 -10"><span class='ocrx_word' id='word_1_3' title='bbox 581 463 771 507; x_wconf 63' lang='lat' dir='ltr'>Mai-hyras</span> <span class='ocrx_word' id='word_1_4' title='bbox 800 460 911 494; x_wconf 64' lang='lat' dir='ltr'>Jodols</span> <span class='ocrx_word' id='word_1_5' title='bbox 941 459 1102 502; x_wconf 59' lang='lat' dir='ltr'>hes-taliq!</span> <span class='ocrx_word' id='word_1_6' title='bbox 1131 459 1186 491; x_wconf 75' lang='lat' dir='ltr'>die</span> <span class='ocrx_word' id='word_1_7' title='bbox 1215 458 1423 502; x_wconf 66' lang='lat' dir='ltr'>Privileyien</span> <span class='ocrx_word' id='word_1_8' title='bbox 1453 459 1511 492; x_wconf 83' lang='lat' dir='ltr'>des</span> <span class='ocrx_word' id='word_1_9' title='bbox 1541 459 1695 493; x_wconf 69' lang='lat' dir='ltr'>Marlstes</span> <span class='ocrx_word' id='word_1_10' title='bbox 1726 459 1987 493; x_wconf 69' lang='lat' dir='ltr'>Raasenbrnelf.</span> 
     </span>
     <span class='ocr_line' id='line_1_4' title="bbox 944 517 1621 563; baseline 0.001 -11"><span class='ocrx_word' id='word_1_11' title='bbox 944 520 1000 553; x_wconf 82' lang='lat' dir='ltr'>Dt.</span> <span class='ocrx_word' id='word_1_12' title='bbox 1033 518 1153 552; x_wconf 64' lang='lat' dir='ltr'>Bruma</span> <span class='ocrx_word' id='word_1_13' title='bbox 1186 517 1243 553; x_wconf 85' lang='lat'>16.</span> <span class='ocrx_word' id='word_1_14' title='bbox 1276 518 1480 563; x_wconf 78' lang='lat' dir='ltr'><strong><em>September</em></strong></span> <span class='ocrx_word' id='word_1_15' title='bbox 1511 518 1621 554; x_wconf 77' lang='lat'><em>1392.</em></span> 
     </span>
    </p>
   </div>
   <div class='ocr_carea' id='block_1_4' title="bbox 346 609 2214 1391">
    <p class='ocr_par' dir='ltr' id='par_1_4' title="bbox 346 609 2214 1391">
     <span class='ocr_line' id='line_1_5' title="bbox 502 609 2209 671; baseline -0.002 -10"><span class='ocrx_word' id='word_1_16' title='bbox 502 609 668 662; x_wconf 73' lang='lat' dir='ltr'>Jodocus</span> <span class='ocrx_word' id='word_1_17' title='bbox 699 627 748 660; x_wconf 82' lang='lat' dir='ltr'>dei</span> <span class='ocrx_word' id='word_1_18' title='bbox 787 628 901 671; x_wconf 79' lang='lat' dir='ltr'>gracia</span> <span class='ocrx_word' id='word_1_19' title='bbox 938 623 1088 657; x_wconf 86' lang='lat' dir='ltr'>marchio</span> <span class='ocrx_word' id='word_1_20' title='bbox 1118 628 1151 657; x_wconf 86' lang='lat' dir='ltr'>et</span> <span class='ocrx_word' id='word_1_21' title='bbox 1185 623 1337 657; x_wconf 87' lang='lat' dir='ltr'>dominus</span> <span class='ocrx_word' id='word_1_22' title='bbox 1366 623 1519 658; x_wconf 86' lang='lat' dir='ltr'>Moravie</span> <span class='ocrx_word' id='word_1_23' title='bbox 1548 624 1805 657; x_wconf 77' lang='lat' dir='ltr'>notumfacimus</span> <span class='ocrx_word' id='word_1_24' title='bbox 1843 628 1960 657; x_wconf 83' lang='lat' dir='ltr'>tenore</span> <span class='ocrx_word' id='word_1_25' title='bbox 1997 626 2209 669; x_wconf 89' lang='lat' dir='ltr'>presencium</span> 
     </span>
     <span class='ocr_line' id='line_1_6' title="bbox 347 683 2212 734; baseline -0.004 -9"><span class='ocrx_word' id='word_1_26' title='bbox 347 693 524 725; x_wconf 74' lang='lat' dir='ltr'>universis.</span> <span class='ocrx_word' id='word_1_27' title='bbox 556 689 641 734; x_wconf 80' lang='lat' dir='ltr'>quod</span> <span class='ocrx_word' id='word_1_28' title='bbox 671 691 785 721; x_wconf 80' lang='lat' dir='ltr'>intuitu</span> <span class='ocrx_word' id='word_1_29' title='bbox 816 688 1036 720; x_wconf 76' lang='lat' dir='ltr'>serviciorum</span> <span class='ocrx_word' id='word_1_30' title='bbox 1067 683 1224 728; x_wconf 65' lang='lat' dir='ltr'>fidelium,</span> <span class='ocrx_word' id='word_1_31' title='bbox 1256 695 1319 729; x_wconf 90' lang='lat' dir='ltr'>que</span> <span class='ocrx_word' id='word_1_32' title='bbox 1349 688 1504 718; x_wconf 81' lang='lat' dir='ltr'>strenuus</span> <span class='ocrx_word' id='word_1_33' title='bbox 1533 684 1745 718; x_wconf 86' lang='lat' dir='ltr'>Hermannus</span> <span class='ocrx_word' id='word_1_34' title='bbox 1773 684 1812 717; x_wconf 79' lang='lat' dir='ltr'>de</span> <span class='ocrx_word' id='word_1_35' title='bbox 1832 683 2077 718; x_wconf 87' lang='lat' dir='ltr'>Rausenbruck</span> <span class='ocrx_word' id='word_1_36' title='bbox 2098 688 2212 718; x_wconf 89' lang='lat' dir='ltr'>noster</span> 
     </span>
     <span class='ocr_line' id='line_1_7' title="bbox 347 744 2210 791; baseline -0.004 -6"><span class='ocrx_word' id='word_1_37' title='bbox 347 752 451 785; x_wconf 73' lang='lat' dir='ltr'>fidelis</span> <span class='ocrx_word' id='word_1_38' title='bbox 482 750 629 784; x_wconf 80' lang='lat' dir='ltr'>exhibuit</span> <span class='ocrx_word' id='word_1_39' title='bbox 659 753 689 782; x_wconf 85' lang='lat' dir='ltr'>ei</span> <span class='ocrx_word' id='word_1_40' title='bbox 720 746 894 781; x_wconf 76' lang='lat' dir='ltr'>exihibere</span> <span class='ocrx_word' id='word_1_41' title='bbox 923 748 1043 791; x_wconf 79' lang='lat' dir='ltr'>poterii</span> <span class='ocrx_word' id='word_1_42' title='bbox 1073 745 1261 779; x_wconf 78' lang='lat' dir='ltr'>ferventius</span> <span class='ocrx_word' id='word_1_43' title='bbox 1289 747 1322 778; x_wconf 89' lang='lat' dir='ltr'>in</span> <span class='ocrx_word' id='word_1_44' title='bbox 1351 744 1495 778; x_wconf 87' lang='lat' dir='ltr'>futurum</span> <span class='ocrx_word' id='word_1_45' title='bbox 1527 749 1558 778; x_wconf 88' lang='lat' dir='ltr'>et</span> <span class='ocrx_word' id='word_1_46' title='bbox 1586 748 1762 790; x_wconf 79' lang='lat' dir='ltr'><strong><em>presertim</em></strong></span> <span class='ocrx_word' id='word_1_47' title='bbox 1793 745 1833 778; x_wconf 91' lang='lat' dir='ltr'>ad</span> <span class='ocrx_word' id='word_1_48' title='bbox 1859 747 2047 778; x_wconf 80' lang='lat' dir='ltr'>instantiam</span> <span class='ocrx_word' id='word_1_49' title='bbox 2076 755 2210 778; x_wconf 89' lang='lat' dir='ltr'>suarum</span> 
     </span>
     <span class='ocr_line' id='line_1_8' title="bbox 347 804 2211 858; baseline -0.004 -13"><span class='ocrx_word' id='word_1_50' title='bbox 347 822 482 858; x_wconf 79' lang='lat' dir='ltr'>precum</span> <span class='ocrx_word' id='word_1_51' title='bbox 513 811 625 844; x_wconf 82' lang='lat' dir='ltr'>literas</span> <span class='ocrx_word' id='word_1_52' title='bbox 662 810 955 843; x_wconf 75' lang='lat' dir='ltr'>serenissimorum</span> <span class='ocrx_word' id='word_1_53' title='bbox 985 806 1193 840; x_wconf 87' lang='lat' dir='ltr'>dominorum</span> <span class='ocrx_word' id='word_1_54' title='bbox 1223 805 1362 839; x_wconf 86' lang='lat' dir='ltr'>Joannis</span> <span class='ocrx_word' id='word_1_55' title='bbox 1401 808 1492 850; x_wconf 80' lang='lat' dir='ltr'>regis</span> <span class='ocrx_word' id='word_1_56' title='bbox 1521 804 1684 839; x_wconf 87' lang='lat' dir='ltr'>Bohemie</span> <span class='ocrx_word' id='word_1_57' title='bbox 1719 809 1751 839; x_wconf 85' lang='lat' dir='ltr'>et</span> <span class='ocrx_word' id='word_1_58' title='bbox 1780 804 1891 839; x_wconf 86' lang='lat' dir='ltr'>Caroli</span> <span class='ocrx_word' id='word_1_59' title='bbox 1919 815 1981 851; x_wconf 89' lang='lat' dir='ltr'>pro</span> <span class='ocrx_word' id='word_1_60' title='bbox 2010 809 2087 838; x_wconf 86' lang='lat' dir='ltr'>tunc</span> <span class='ocrx_word' id='word_1_61' title='bbox 2114 815 2211 838; x_wconf 90' lang='lat' dir='ltr'>mar-</span> 
     </span>
     <span class='ocr_line' id='line_1_9' title="bbox 347 864 2211 912; baseline -0.004 -6"><span class='ocrx_word' id='word_1_62' title='bbox 347 873 474 906; x_wconf 89' lang='lat' dir='ltr'>chionis</span> <span class='ocrx_word' id='word_1_63' title='bbox 494 871 648 905; x_wconf 84' lang='lat' dir='ltr'>Moravie</span> <span class='ocrx_word' id='word_1_64' title='bbox 677 869 754 902; x_wconf 85' lang='lat' dir='ltr'>dive</span> <span class='ocrx_word' id='word_1_65' title='bbox 784 870 958 911; x_wconf 70' lang='lat' dir='ltr'>memorie,</span> <span class='ocrx_word' id='word_1_66' title='bbox 989 877 1071 912; x_wconf 89' lang='lat' dir='ltr'>quos</span> <span class='ocrx_word' id='word_1_67' title='bbox 1100 866 1196 900; x_wconf 87' lang='lat' dir='ltr'>nobis</span> <span class='ocrx_word' id='word_1_68' title='bbox 1226 866 1312 900; x_wconf 89' lang='lat' dir='ltr'>idem</span> <span class='ocrx_word' id='word_1_69' title='bbox 1341 865 1553 900; x_wconf 86' lang='lat' dir='ltr'>Heriuannus</span> <span class='ocrx_word' id='word_1_70' title='bbox 1585 865 1746 908; x_wconf 74' lang='lat' dir='ltr'>exhibuit⁷</span> <span class='ocrx_word' id='word_1_71' title='bbox 1775 870 1893 912; x_wconf 87' lang='lat' dir='ltr'>petens</span> <span class='ocrx_word' id='word_1_72' title='bbox 1913 876 1974 911; x_wconf 87' lang='lat' dir='ltr'>per</span> <span class='ocrx_word' id='word_1_73' title='bbox 1995 876 2055 899; x_wconf 89' lang='lat' dir='ltr'>nos</span> <span class='ocrx_word' id='word_1_74' title='bbox 2076 864 2211 900; x_wconf 79' lang='lat' dir='ltr'>easdem</span> 
     </span>
     <span class='ocr_line' id='line_1_10' title="bbox 347 925 2212 973; baseline -0.004 -6"><span class='ocrx_word' id='word_1_75' title='bbox 347 932 548 967; x_wconf 83' lang='lat' dir='ltr'>confirmari.</span> <span class='ocrx_word' id='word_1_76' title='bbox 580 931 726 972; x_wconf 87' lang='lat' dir='ltr'>Quarum</span> <span class='ocrx_word' id='word_1_77' title='bbox 752 930 815 963; x_wconf 87' lang='lat' dir='ltr'>due</span> <span class='ocrx_word' id='word_1_78' title='bbox 847 928 941 962; x_wconf 84' lang='lat' dir='ltr'>litere</span> <span class='ocrx_word' id='word_1_79' title='bbox 971 931 1065 961; x_wconf 89' lang='lat' dir='ltr'>erant</span> <span class='ocrx_word' id='word_1_80' title='bbox 1094 930 1197 973; x_wconf 89' lang='lat' dir='ltr'>ipsius</span> <span class='ocrx_word' id='word_1_81' title='bbox 1228 927 1351 960; x_wconf 87' lang='lat' dir='ltr'>domini</span> <span class='ocrx_word' id='word_1_82' title='bbox 1380 926 1518 960; x_wconf 89' lang='lat' dir='ltr'>Joannis</span> <span class='ocrx_word' id='word_1_83' title='bbox 1538 928 1641 971; x_wconf 73' lang='lat' dir='ltr'>regis,</span> <span class='ocrx_word' id='word_1_84' title='bbox 1671 937 1735 959; x_wconf 91' lang='lat' dir='ltr'>una</span> <span class='ocrx_word' id='word_1_85' title='bbox 1757 937 1858 972; x_wconf 83' lang='lat' dir='ltr'>super</span> <span class='ocrx_word' id='word_1_86' title='bbox 1878 925 1977 960; x_wconf 86' lang='lat' dir='ltr'>feudo</span> <span class='ocrx_word' id='word_1_87' title='bbox 1998 929 2031 960; x_wconf 89' lang='lat' dir='ltr'>in</span> <span class='ocrx_word' id='word_1_88' title='bbox 2050 925 2212 960; x_wconf 88' lang='lat' dir='ltr'>Rausen-</span> 
     </span>
     <span class='ocr_line' id='line_1_11' title="bbox 346 985 2212 1036; baseline -0.004 -9"><span class='ocrx_word' id='word_1_89' title='bbox 346 993 451 1028; x_wconf 86' lang='lat' dir='ltr'>bruck</span> <span class='ocrx_word' id='word_1_90' title='bbox 490 996 521 1026; x_wconf 86' lang='lat' dir='ltr'>et</span> <span class='ocrx_word' id='word_1_91' title='bbox 557 991 618 1026; x_wconf 91' lang='lat' dir='ltr'>alia</span> <span class='ocrx_word' id='word_1_92' title='bbox 658 1001 759 1036; x_wconf 85' lang='lat' dir='ltr'>super</span> <span class='ocrx_word' id='word_1_93' title='bbox 796 989 949 1023; x_wconf 81' lang='lat' dir='ltr'>libertate</span> <span class='ocrx_word' id='word_1_94' title='bbox 977 987 1122 1022; x_wconf 88' lang='lat' dir='ltr'>habendi</span> <span class='ocrx_word' id='word_1_95' title='bbox 1160 998 1305 1034; x_wconf 66' lang='lat' dir='ltr'>cyppum</span> <span class='ocrx_word' id='word_1_96' title='bbox 1335 992 1367 1021; x_wconf 88' lang='lat' dir='ltr'>et</span> <span class='ocrx_word' id='word_1_97' title='bbox 1395 986 1576 1033; x_wconf 81' lang='lat' dir='ltr'>patibulum</span> <span class='ocrx_word' id='word_1_98' title='bbox 1607 985 1728 1020; x_wconf 81' lang='lat' dir='ltr'>ibidem</span> <span class='ocrx_word' id='word_1_99' title='bbox 1758 989 1788 1020; x_wconf 90' lang='lat' dir='ltr'>in</span> <span class='ocrx_word' id='word_1_100' title='bbox 1818 985 2083 1029; x_wconf 82' lang='lat' dir='ltr'>Rausenbruck3</span> <span class='ocrx_word' id='word_1_101' title='bbox 2116 989 2212 1020; x_wconf 85' lang='lat' dir='ltr'>tertia</span> 
     </span>
     <span class='ocr_line' id='line_1_12' title="bbox 346 1046 2211 1097; baseline -0.004 -9"><span class='ocrx_word' id='word_1_102' title='bbox 346 1066 430 1088; x_wconf 81' lang='lat' dir='ltr'>vero</span> <span class='ocrx_word' id='word_1_103' title='bbox 460 1053 552 1087; x_wconf 76' lang='lat' dir='ltr'>litera</span> <span class='ocrx_word' id='word_1_104' title='bbox 582 1052 641 1086; x_wconf 85' lang='lat' dir='ltr'>fuit</span> <span class='ocrx_word' id='word_1_105' title='bbox 678 1053 781 1097; x_wconf 87' lang='lat' dir='ltr'>ipsius</span> <span class='ocrx_word' id='word_1_106' title='bbox 811 1050 933 1083; x_wconf 90' lang='lat' dir='ltr'>domini</span> <span class='ocrx_word' id='word_1_107' title='bbox 963 1047 1075 1082; x_wconf 89' lang='lat' dir='ltr'>Caroli</span> <span class='ocrx_word' id='word_1_108' title='bbox 1103 1059 1205 1094; x_wconf 87' lang='lat' dir='ltr'>super</span> <span class='ocrx_word' id='word_1_109' title='bbox 1234 1050 1406 1082; x_wconf 86' lang='lat' dir='ltr'>erectione</span> <span class='ocrx_word' id='word_1_110' title='bbox 1444 1047 1555 1093; x_wconf 89' lang='lat' dir='ltr'>oppidi</span> <span class='ocrx_word' id='word_1_111' title='bbox 1593 1050 1624 1080; x_wconf 89' lang='lat' dir='ltr'>in</span> <span class='ocrx_word' id='word_1_112' title='bbox 1653 1046 1900 1081; x_wconf 86' lang='lat' dir='ltr'>Rausenbruck</span> <span class='ocrx_word' id='word_1_113' title='bbox 1928 1052 1960 1081; x_wconf 85' lang='lat' dir='ltr'>et</span> <span class='ocrx_word' id='word_1_114' title='bbox 1988 1046 2062 1081; x_wconf 88' lang='lat' dir='ltr'>foro</span> <span class='ocrx_word' id='word_1_115' title='bbox 2091 1046 2211 1080; x_wconf 85' lang='lat' dir='ltr'>ibidem</span> 
     </span>
     <span class='ocr_line' id='line_1_13' title="bbox 346 1106 2212 1155; baseline -0.005 -6"><span class='ocrx_word' id='word_1_116' title='bbox 346 1114 501 1149; x_wconf 86' lang='lat' dir='ltr'>habendo</span> <span class='ocrx_word' id='word_1_117' title='bbox 531 1118 561 1147; x_wconf 89' lang='lat' dir='ltr'>et</span> <span class='ocrx_word' id='word_1_118' title='bbox 591 1112 747 1146; x_wconf 84' lang='lat' dir='ltr'>tenendo.</span> <span class='ocrx_word' id='word_1_119' title='bbox 778 1109 868 1152; x_wconf 87' lang='lat' dir='ltr'>Quas</span> <span class='ocrx_word' id='word_1_120' title='bbox 898 1109 1030 1155; x_wconf 85' lang='lat' dir='ltr'>quidem</span> <span class='ocrx_word' id='word_1_121' title='bbox 1059 1109 1173 1143; x_wconf 80' lang='lat' dir='ltr'>literas</span> <span class='ocrx_word' id='word_1_122' title='bbox 1202 1108 1412 1155; x_wconf 88' lang='lat' dir='ltr'>supradictas</span> <span class='ocrx_word' id='word_1_123' title='bbox 1441 1108 1587 1142; x_wconf 75' lang='lat' dir='ltr'>vidimus</span> <span class='ocrx_word' id='word_1_124' title='bbox 1617 1111 1649 1141; x_wconf 86' lang='lat' dir='ltr'>et</span> <span class='ocrx_word' id='word_1_125' title='bbox 1677 1107 1819 1151; x_wconf 85' lang='lat' dir='ltr'>legimus</span> <span class='ocrx_word' id='word_1_126' title='bbox 1849 1112 1881 1141; x_wconf 87' lang='lat' dir='ltr'>et</span> <span class='ocrx_word' id='word_1_127' title='bbox 1900 1107 2036 1142; x_wconf 86' lang='lat' dir='ltr'>easdem</span> <span class='ocrx_word' id='word_1_128' title='bbox 2057 1106 2098 1141; x_wconf 89' lang='lat' dir='ltr'>de</span> <span class='ocrx_word' id='word_1_129' title='bbox 2120 1111 2212 1141; x_wconf 84' lang='lat' dir='ltr'>certa</span> 
     </span>
     <span class='ocr_line' id='line_1_14' title="bbox 348 1167 2209 1217; baseline -0.004 -8"><span class='ocrx_word' id='word_1_130' title='bbox 348 1181 460 1210; x_wconf 82' lang='lat' dir='ltr'>nostra</span> <span class='ocrx_word' id='word_1_131' title='bbox 490 1177 627 1208; x_wconf 86' lang='lat' dir='ltr'>scientia</span> <span class='ocrx_word' id='word_1_132' title='bbox 656 1172 840 1208; x_wconf 80' lang='lat' dir='ltr'>laudamus,</span> <span class='ocrx_word' id='word_1_133' title='bbox 872 1169 1109 1217; x_wconf 71' lang='lat' dir='ltr'>approbamus,</span> <span class='ocrx_word' id='word_1_134' title='bbox 1140 1174 1172 1204; x_wconf 86' lang='lat' dir='ltr'>et</span> <span class='ocrx_word' id='word_1_135' title='bbox 1201 1170 1241 1204; x_wconf 89' lang='lat' dir='ltr'>de</span> <span class='ocrx_word' id='word_1_136' title='bbox 1271 1169 1377 1203; x_wconf 87' lang='lat' dir='ltr'>verbo</span> <span class='ocrx_word' id='word_1_137' title='bbox 1406 1169 1446 1202; x_wconf 90' lang='lat' dir='ltr'>ad</span> <span class='ocrx_word' id='word_1_138' title='bbox 1477 1167 1618 1202; x_wconf 88' lang='lat' dir='ltr'>verbum</span> <span class='ocrx_word' id='word_1_139' title='bbox 1647 1170 1679 1201; x_wconf 90' lang='lat' dir='ltr'>in</span> <span class='ocrx_word' id='word_1_140' title='bbox 1709 1167 1862 1202; x_wconf 92' lang='lat' dir='ltr'>omnibus</span> <span class='ocrx_word' id='word_1_141' title='bbox 1891 1179 2006 1202; x_wconf 89' lang='lat' dir='ltr'>earum</span> <span class='ocrx_word' id='word_1_142' title='bbox 2027 1167 2209 1212; x_wconf 79' lang='lat' dir='ltr'>tenoribus,</span> 
     </span>
     <span class='ocr_line' id='line_1_15' title="bbox 348 1228 2214 1282; baseline -0.004 -12"><span class='ocrx_word' id='word_1_143' title='bbox 348 1238 475 1282; x_wconf 87' lang='lat' dir='ltr'>punctis</span> <span class='ocrx_word' id='word_1_144' title='bbox 513 1238 543 1268; x_wconf 88' lang='lat' dir='ltr'>et</span> <span class='ocrx_word' id='word_1_145' title='bbox 573 1233 719 1267; x_wconf 79' lang='lat' dir='ltr'>articulis</span> <span class='ocrx_word' id='word_1_146' title='bbox 748 1236 866 1266; x_wconf 86' lang='lat' dir='ltr'>tenore</span> <span class='ocrx_word' id='word_1_147' title='bbox 902 1233 1114 1277; x_wconf 83' lang='lat' dir='ltr'>presencium</span> <span class='ocrx_word' id='word_1_148' title='bbox 1149 1229 1395 1264; x_wconf 85' lang='lat' dir='ltr'>confirmamus.</span> <span class='ocrx_word' id='word_1_149' title='bbox 1451 1229 1658 1264; x_wconf 83' lang='lat' dir='ltr'>Presentium</span> <span class='ocrx_word' id='word_1_150' title='bbox 1697 1229 1757 1264; x_wconf 86' lang='lat' dir='ltr'>sub</span> <span class='ocrx_word' id='word_1_151' title='bbox 1786 1234 1900 1263; x_wconf 88' lang='lat' dir='ltr'>nostro</span> <span class='ocrx_word' id='word_1_152' title='bbox 1929 1240 2078 1275; x_wconf 85' lang='lat' dir='ltr'>appenso</span> <span class='ocrx_word' id='word_1_153' title='bbox 2107 1228 2214 1274; x_wconf 84' lang='lat' dir='ltr'>sigillo</span> 
     </span>
     <span class='ocr_line' id='line_1_16' title="bbox 347 1289 2213 1334; baseline -0.004 -3"><span class='ocrx_word' id='word_1_154' title='bbox 347 1298 536 1331; x_wconf 84' lang='lat' dir='ltr'>testimonio</span> <span class='ocrx_word' id='word_1_155' title='bbox 556 1295 739 1328; x_wconf 83' lang='lat' dir='ltr'>literarum.</span> <span class='ocrx_word' id='word_1_156' title='bbox 770 1292 890 1327; x_wconf 88' lang='lat' dir='ltr'>Datum</span> <span class='ocrx_word' id='word_1_157' title='bbox 917 1291 1052 1325; x_wconf 85' lang='lat' dir='ltr'>Brunne</span> <span class='ocrx_word' id='word_1_158' title='bbox 1079 1302 1166 1325; x_wconf 90' lang='lat' dir='ltr'>anno</span> <span class='ocrx_word' id='word_1_159' title='bbox 1196 1290 1319 1324; x_wconf 89' lang='lat' dir='ltr'>domini</span> <span class='ocrx_word' id='word_1_160' title='bbox 1348 1290 1522 1325; x_wconf 89' lang='lat' dir='ltr'>millesimo</span> <span class='ocrx_word' id='word_1_161' title='bbox 1552 1293 1789 1324; x_wconf 81' lang='lat' dir='ltr'>trecentesimo</span> <span class='ocrx_word' id='word_1_162' title='bbox 1809 1292 2031 1334; x_wconf 86' lang='lat' dir='ltr'>nonagesimo</span> <span class='ocrx_word' id='word_1_163' title='bbox 2052 1289 2213 1332; x_wconf 82' lang='lat' dir='ltr'>secundo,</span> 
     </span>
     <span class='ocr_line' id='line_1_17' title="bbox 348 1354 745 1391; baseline -0.01 0"><span class='ocrx_word' id='word_1_164' title='bbox 348 1358 400 1391; x_wconf 85' lang='lat' dir='ltr'>die</span> <span class='ocrx_word' id='word_1_165' title='bbox 429 1360 544 1391; x_wconf 88' lang='lat' dir='ltr'>sancte</span> <span class='ocrx_word' id='word_1_166' title='bbox 572 1354 745 1389; x_wconf 89' lang='lat' dir='ltr'>Ludmille.</span> 
     </span>
    </p>
   </div>
   <div class='ocr_carea' id='block_1_5' title="bbox 661 1490 2215 1529">
    <p class='ocr_par' dir='ltr' id='par_1_5' title="bbox 661 1490 2215 1529">
     <span class='ocr_line' id='line_1_18' title="bbox 661 1490 2215 1529; baseline -0.003 -9"><span class='ocrx_word' id='word_1_167' title='bbox 661 1494 753 1529; x_wconf 80' lang='lat' dir='ltr'>(Orig,</span> <span class='ocrx_word' id='word_1_168' title='bbox 786 1494 868 1527; x_wconf 72' lang='lat' dir='ltr'>Perg.</span> <span class='ocrx_word' id='word_1_169' title='bbox 900 1493 951 1518; x_wconf 86' lang='lat' dir='ltr'>mit</span> <span class='ocrx_word' id='word_1_170' title='bbox 981 1492 1009 1520; x_wconf 84' lang='lat' dir='ltr'>h.</span> <span class='ocrx_word' id='word_1_171' title='bbox 1041 1491 1208 1517; x_wconf 74' lang='lat' dir='ltr'>verletztem</span> <span class='ocrx_word' id='word_1_172' title='bbox 1233 1491 1290 1525; x_wconf 73' lang='lat' dir='ltr'>Sig.</span> <span class='ocrx_word' id='word_1_173' title='bbox 1320 1491 1348 1516; x_wconf 83' lang='lat' dir='ltr'>in</span> <span class='ocrx_word' id='word_1_174' title='bbox 1374 1491 1429 1516; x_wconf 89' lang='lat' dir='ltr'>den</span> <span class='ocrx_word' id='word_1_175' title='bbox 1453 1490 1547 1516; x_wconf 84' lang='lat' dir='ltr'>Acten</span> <span class='ocrx_word' id='word_1_176' title='bbox 1572 1490 1621 1516; x_wconf 83' lang='lat' dir='ltr'>des</span> <span class='ocrx_word' id='word_1_177' title='bbox 1646 1490 1778 1516; x_wconf 81' lang='lat' dir='ltr'>Klosters</span> <span class='ocrx_word' id='word_1_178' title='bbox 1802 1490 1899 1516; x_wconf 86' lang='lat' dir='ltr'>Bruek</span> <span class='ocrx_word' id='word_1_179' title='bbox 1923 1490 1966 1518; x_wconf 81' lang='lat' dir='ltr'>lit.</span> <span class='ocrx_word' id='word_1_180' title='bbox 1990 1491 2028 1518; x_wconf 86' lang='grc' dir='ltr'>Η.</span> <span class='ocrx_word' id='word_1_181' title='bbox 2053 1499 2081 1518; x_wconf 82' lang='lat' dir='ltr'>n.</span> <span class='ocrx_word' id='word_1_182' title='bbox 2114 1491 2152 1516; x_wconf 77' lang='lat'>51</span> <span class='ocrx_word' id='word_1_183' title='bbox 2178 1490 2215 1515; x_wconf 89' lang='lat' dir='ltr'>im</span> 
     </span>
    </p>
   </div>
   <div class='ocr_carea' id='block_1_6' title="bbox 557 1544 954 1578">
    <p class='ocr_par' dir='ltr' id='par_1_6' title="bbox 557 1544 954 1578">
     <span class='ocr_line' id='line_1_19' title="bbox 557 1544 954 1578; baseline 0 -6"><span class='ocrx_word' id='word_1_184' title='bbox 557 1547 647 1573; x_wconf 72' lang='lat' dir='ltr'>miihr.</span> <span class='ocrx_word' id='word_1_185' title='bbox 672 1544 954 1578; x_wconf 75' lang='lat' dir='ltr'>Laudes-Archive.)</span> 
     </span>
    </p>
   </div>
   <div class='ocr_carea' id='block_1_7' title="bbox 1230 1714 1334 1750">
    <p class='ocr_par' dir='ltr' id='par_1_7' title="bbox 1230 1714 1334 1750">
     <span class='ocr_line' id='line_1_20' title="bbox 1230 1714 1334 1750; baseline 0 0"><span class='ocrx_word' id='word_1_186' title='bbox 1230 1714 1334 1750; x_wconf 80' lang='lat'>104.</span> 
     </span>
    </p>
   </div>
   <div class='ocr_carea' id='block_1_8' title="bbox 350 1798 2218 1970">
    <p class='ocr_par' dir='ltr' id='par_1_8' title="bbox 350 1798 2218 1970">
     <span class='ocr_line' id='line_1_21' title="bbox 350 1798 2218 1851; baseline -0.004 -11"><span class='ocrx_word' id='word_1_187' title='bbox 350 1806 540 1851; x_wconf 52' lang='lat' dir='ltr'>illarlayraf</span> <span class='ocrx_word' id='word_1_188' title='bbox 571 1805 683 1839; x_wconf 67' lang='lat' dir='ltr'>Jodolf</span> <span class='ocrx_word' id='word_1_189' title='bbox 727 1804 864 1850; x_wconf 80' lang='lat' dir='ltr'>befielelt</span> <span class='ocrx_word' id='word_1_190' title='bbox 900 1804 973 1837; x_wconf 82' lang='lat' dir='ltr'>dem</span> <span class='ocrx_word' id='word_1_191' title='bbox 1015 1801 1310 1837; x_wconf 72' lang='lat' dir='ltr'>Manteinnehmer</span> <span class='ocrx_word' id='word_1_192' title='bbox 1346 1813 1410 1835; x_wconf 72' lang='lat' dir='ltr'>ron</span> <span class='ocrx_word' id='word_1_193' title='bbox 1447 1800 1586 1842; x_wconf 57' lang='lat' dir='ltr'>Meneta,</span> <span class='ocrx_word' id='word_1_194' title='bbox 1628 1810 1691 1833; x_wconf 68' lang='lat' dir='ltr'>ron</span> <span class='ocrx_word' id='word_1_195' title='bbox 1730 1800 1794 1833; x_wconf 80' lang='lat' dir='ltr'>(len</span> <span class='ocrx_word' id='word_1_196' title='bbox 1834 1799 1994 1844; x_wconf 72' lang='lat' dir='ltr'>Biquern</span> <span class='ocrx_word' id='word_1_197' title='bbox 2023 1799 2085 1834; x_wconf 81' lang='lat' dir='ltr'>der</span> <span class='ocrx_word' id='word_1_198' title='bbox 2113 1798 2218 1834; x_wconf 79' lang='lat' dir='ltr'>Stadt</span> 
     </span>
     <span class='ocr_line' id='line_1_22' title="bbox 713 1860 1836 1910; baseline -0.005 -11"><span class='ocrx_word' id='word_1_199' title='bbox 713 1864 1112 1910; x_wconf 71' lang='lat' dir='ltr'>Uuqarisch-Hradisek</span> <span class='ocrx_word' id='word_1_200' title='bbox 1140 1863 1239 1897; x_wconf 71' lang='lat' dir='ltr'>ltez&#39;ne</span> <span class='ocrx_word' id='word_1_201' title='bbox 1268 1862 1367 1896; x_wconf 73' lang='lat' dir='ltr'>Maut</span> <span class='ocrx_word' id='word_1_202' title='bbox 1396 1863 1430 1895; x_wconf 82' lang='lat' dir='ltr'>in</span> <span class='ocrx_word' id='word_1_203' title='bbox 1458 1860 1587 1894; x_wconf 66' lang='lat' dir='ltr'>Menitz</span> <span class='ocrx_word' id='word_1_204' title='bbox 1615 1860 1836 1894; x_wconf 73' lang='lat' dir='ltr'>einzukeben.</span> 
     </span>
     <span class='ocr_line' id='line_1_23' title="bbox 896 1920 1669 1970; baseline -0.008 -10"><span class='ocrx_word' id='word_1_205' title='bbox 896 1925 953 1960; x_wconf 83' lang='lat' dir='ltr'>Dt.</span> <span class='ocrx_word' id='word_1_206' title='bbox 989 1925 1073 1970; x_wconf 72' lang='lat' dir='ltr'>Uny.</span> <span class='ocrx_word' id='word_1_207' title='bbox 1104 1924 1204 1959; x_wconf 83' lang='lat' dir='ltr'>Brod</span> <span class='ocrx_word' id='word_1_208' title='bbox 1233 1924 1292 1957; x_wconf 77' lang='lat'>22.</span> <span class='ocrx_word' id='word_1_209' title='bbox 1324 1921 1528 1968; x_wconf 83' lang='lat' dir='ltr'>September</span> <span class='ocrx_word' id='word_1_210' title='bbox 1559 1920 1669 1955; x_wconf 84' lang='lat'><em>1392.</em></span> 
     </span>
    </p>
   </div>
   <div class='ocr_carea' id='block_1_9' title="bbox 350 2012 2218 2561">
    <p class='ocr_par' dir='ltr' id='par_1_9' title="bbox 350 2012 2218 2442">
     <span class='ocr_line' id='line_1_24' title="bbox 513 2012 2217 2076; baseline -0.004 -10"><span class='ocrx_word' id='word_1_211' title='bbox 513 2012 682 2066; x_wconf 78' lang='lat' dir='ltr'>Jodocus</span> <span class='ocrx_word' id='word_1_212' title='bbox 721 2032 772 2066; x_wconf 78' lang='lat' dir='ltr'>dei</span> <span class='ocrx_word' id='word_1_213' title='bbox 800 2034 915 2076; x_wconf 80' lang='lat' dir='ltr'>gracia</span> <span class='ocrx_word' id='word_1_214' title='bbox 945 2029 1093 2064; x_wconf 90' lang='lat' dir='ltr'>marchio</span> <span class='ocrx_word' id='word_1_215' title='bbox 1123 2034 1156 2063; x_wconf 86' lang='lat' dir='ltr'>et</span> <span class='ocrx_word' id='word_1_216' title='bbox 1193 2029 1345 2063; x_wconf 88' lang='lat' dir='ltr'>dominus</span> <span class='ocrx_word' id='word_1_217' title='bbox 1374 2026 1539 2061; x_wconf 83' lang='lat' dir='ltr'>Moravie.</span> <span class='ocrx_word' id='word_1_218' title='bbox 1596 2025 1668 2060; x_wconf 90' lang='lat' dir='ltr'>Tibi</span> <span class='ocrx_word' id='word_1_219' title='bbox 1699 2025 1884 2059; x_wconf 78' lang='lat' dir='ltr'>thelonario</span> <span class='ocrx_word' id='word_1_220' title='bbox 1921 2029 1954 2060; x_wconf 92' lang='lat' dir='ltr'>in</span> <span class='ocrx_word' id='word_1_221' title='bbox 1982 2025 2100 2060; x_wconf 87' lang='lat' dir='ltr'>Menes</span> <span class='ocrx_word' id='word_1_222' title='bbox 2129 2025 2217 2060; x_wconf 87' lang='lat' dir='ltr'>fideli</span> 
     </span>
     <span class='ocr_line' id='line_1_25' title="bbox 350 2085 2217 2144; baseline -0.004 -17"><span class='ocrx_word' id='word_1_223' title='bbox 350 2098 463 2127; x_wconf 82' lang='lat' dir='ltr'>nostro</span> <span class='ocrx_word' id='word_1_224' title='bbox 493 2093 613 2127; x_wconf 73' lang='lat' dir='ltr'>dilecto</span> <span class='ocrx_word' id='word_1_225' title='bbox 642 2091 852 2140; x_wconf 77' lang='lat' dir='ltr'>presentibus</span> <span class='ocrx_word' id='word_1_226' title='bbox 873 2095 997 2125; x_wconf 82' lang='lat' dir='ltr'>attente</span> <span class='ocrx_word' id='word_1_227' title='bbox 1017 2093 1219 2137; x_wconf 87' lang='lat' dir='ltr'>precipimus</span> <span class='ocrx_word' id='word_1_228' title='bbox 1245 2093 1277 2123; x_wconf 88' lang='lat' dir='ltr'>et</span> <span class='ocrx_word' id='word_1_229' title='bbox 1296 2088 1492 2144; x_wconf 74' lang='lat' dir='ltr'>mandamus</span> <span class='ocrx_word' id='word_1_230' title='bbox 1513 2090 1647 2121; x_wconf 88' lang='lat' dir='ltr'>omnino</span> <span class='ocrx_word' id='word_1_231' title='bbox 1669 2087 1834 2130; x_wconf 75' lang='lat' dir='ltr'>volentes,</span> <span class='ocrx_word' id='word_1_232' title='bbox 1865 2091 2028 2132; x_wconf 89' lang='lat' dir='ltr'>quatenus</span> <span class='ocrx_word' id='word_1_233' title='bbox 2048 2098 2065 2120; x_wconf 92' lang='lat' dir='ltr'>a</span> <span class='ocrx_word' id='word_1_234' title='bbox 2087 2085 2217 2120; x_wconf 89' lang='lat' dir='ltr'>civibus</span> 
     </span>
     <span class='ocr_line' id='line_1_26' title="bbox 350 2147 2217 2197; baseline -0.004 -9"><span class='ocrx_word' id='word_1_235' title='bbox 350 2159 381 2188; x_wconf 85' lang='lat' dir='ltr'>et</span> <span class='ocrx_word' id='word_1_236' title='bbox 410 2154 526 2188; x_wconf 85' lang='lat' dir='ltr'>incolis</span> <span class='ocrx_word' id='word_1_237' title='bbox 556 2154 596 2187; x_wconf 82' lang='lat' dir='ltr'>dc</span> <span class='ocrx_word' id='word_1_238' title='bbox 624 2153 784 2197; x_wconf 67' lang='lat' dir='ltr'>Redisch,</span> <span class='ocrx_word' id='word_1_239' title='bbox 815 2155 937 2187; x_wconf 88' lang='lat' dir='ltr'>nostris</span> <span class='ocrx_word' id='word_1_240' title='bbox 966 2151 1117 2186; x_wconf 89' lang='lat' dir='ltr'>fidelibus</span> <span class='ocrx_word' id='word_1_241' title='bbox 1147 2150 1287 2193; x_wconf 78' lang='lat' dir='ltr'>dilectis,</span> <span class='ocrx_word' id='word_1_242' title='bbox 1317 2148 1439 2182; x_wconf 90' lang='lat' dir='ltr'>nullum</span> <span class='ocrx_word' id='word_1_243' title='bbox 1469 2158 1608 2194; x_wconf 85' lang='lat' dir='ltr'>prorsus</span> <span class='ocrx_word' id='word_1_244' title='bbox 1647 2147 1837 2181; x_wconf 85' lang='lat' dir='ltr'>theloneum</span> <span class='ocrx_word' id='word_1_245' title='bbox 1867 2149 2024 2193; x_wconf 80' lang='lat' dir='ltr'>recipias,</span> <span class='ocrx_word' id='word_1_246' title='bbox 2054 2149 2217 2192; x_wconf 85' lang='lat' dir='ltr'>quocies-</span> 
     </span>
     <span class='ocr_line' id='line_1_27' title="bbox 350 2209 2216 2260; baseline -0.004 -12"><span class='ocrx_word' id='word_1_247' title='bbox 350 2226 479 2260; x_wconf 87' lang='lat' dir='ltr'>cunque</span> <span class='ocrx_word' id='word_1_248' title='bbox 510 2218 614 2249; x_wconf 81' lang='lat' dir='ltr'>eciam</span> <span class='ocrx_word' id='word_1_249' title='bbox 645 2214 716 2249; x_wconf 86' lang='lat' dir='ltr'>illos</span> <span class='ocrx_word' id='word_1_250' title='bbox 747 2214 818 2248; x_wconf 89' lang='lat' dir='ltr'>loca</span> <span class='ocrx_word' id='word_1_251' title='bbox 849 2214 913 2256; x_wconf 70' lang='lat' dir='ltr'>illa,</span> <span class='ocrx_word' id='word_1_252' title='bbox 952 2216 983 2246; x_wconf 88' lang='lat' dir='ltr'>in</span> <span class='ocrx_word' id='word_1_253' title='bbox 1013 2211 1130 2258; x_wconf 86' lang='lat' dir='ltr'>quibus</span> <span class='ocrx_word' id='word_1_254' title='bbox 1160 2209 1350 2244; x_wconf 82' lang='lat' dir='ltr'>theloneum</span> <span class='ocrx_word' id='word_1_255' title='bbox 1386 2209 1501 2243; x_wconf 88' lang='lat' dir='ltr'>solitus</span> <span class='ocrx_word' id='word_1_256' title='bbox 1531 2220 1566 2243; x_wconf 90' lang='lat' dir='ltr'>es</span> <span class='ocrx_word' id='word_1_257' title='bbox 1596 2211 1761 2254; x_wconf 79' lang='lat' dir='ltr'>recipere,</span> <span class='ocrx_word' id='word_1_258' title='bbox 1792 2211 1971 2253; x_wconf 85' lang='lat' dir='ltr'>contigerit</span> <span class='ocrx_word' id='word_1_259' title='bbox 1999 2210 2216 2254; x_wconf 73' lang='lat' dir='ltr'>pertransire,</span> 
     </span>
     <span class='ocr_line' id='line_1_28' title="bbox 350 2267 2217 2322; baseline -0.004 -13"><span class='ocrx_word' id='word_1_260' title='bbox 350 2288 411 2310; x_wconf 85' lang='lat' dir='ltr'>nec</span> <span class='ocrx_word' id='word_1_261' title='bbox 442 2278 547 2309; x_wconf 85' lang='lat' dir='ltr'>eciam</span> <span class='ocrx_word' id='word_1_262' title='bbox 569 2279 659 2322; x_wconf 86' lang='lat' dir='ltr'>ipsos</span> <span class='ocrx_word' id='word_1_263' title='bbox 688 2275 743 2309; x_wconf 84' lang='lat' dir='ltr'>vel</span> <span class='ocrx_word' id='word_1_264' title='bbox 772 2286 826 2308; x_wconf 88' lang='lat' dir='ltr'>res</span> <span class='ocrx_word' id='word_1_265' title='bbox 856 2277 1001 2320; x_wconf 87' lang='lat' dir='ltr'>ipsarum</span> <span class='ocrx_word' id='word_1_266' title='bbox 1032 2275 1212 2307; x_wconf 88' lang='lat' dir='ltr'>occasione</span> <span class='ocrx_word' id='word_1_267' title='bbox 1233 2270 1421 2305; x_wconf 85' lang='lat' dir='ltr'>huiusmodi</span> <span class='ocrx_word' id='word_1_268' title='bbox 1442 2269 1587 2303; x_wconf 85' lang='lat' dir='ltr'>thelonei</span> <span class='ocrx_word' id='word_1_269' title='bbox 1609 2268 1732 2303; x_wconf 74' lang='lat' dir='ltr'>debeas</span> <span class='ocrx_word' id='word_1_270' title='bbox 1754 2272 1807 2302; x_wconf 88' lang='lat' dir='ltr'>aut</span> <span class='ocrx_word' id='word_1_271' title='bbox 1828 2279 2004 2314; x_wconf 86' lang='lat' dir='ltr'>presumas</span> <span class='ocrx_word' id='word_1_272' title='bbox 2024 2267 2217 2314; x_wconf 86' lang='lat' dir='ltr'>quomodo—</span> 
     </span>
     <span class='ocr_line' id='line_1_29' title="bbox 350 2328 2218 2383; baseline -0.004 -14"><span class='ocrx_word' id='word_1_273' title='bbox 350 2336 424 2370; x_wconf 73' lang='lat' dir='ltr'>libet</span> <span class='ocrx_word' id='word_1_274' title='bbox 465 2337 638 2383; x_wconf 78' lang='lat' dir='ltr'>impedire.</span> <span class='ocrx_word' id='word_1_275' title='bbox 695 2335 910 2370; x_wconf 80' lang='lat' dir='ltr'>Presenciuni</span> <span class='ocrx_word' id='word_1_276' title='bbox 950 2333 1010 2368; x_wconf 89' lang='lat' dir='ltr'>sub</span> <span class='ocrx_word' id='word_1_277' title='bbox 1039 2335 1144 2367; x_wconf 88' lang='lat' dir='ltr'>nostri</span> <span class='ocrx_word' id='word_1_278' title='bbox 1179 2334 1398 2378; x_wconf 84' lang='lat' dir='ltr'>appressione</span> <span class='ocrx_word' id='word_1_279' title='bbox 1436 2329 1533 2375; x_wconf 86' lang='lat' dir='ltr'>sigilli</span> <span class='ocrx_word' id='word_1_280' title='bbox 1570 2332 1759 2363; x_wconf 81' lang='lat' dir='ltr'>testimonio</span> <span class='ocrx_word' id='word_1_281' title='bbox 1796 2329 1978 2362; x_wconf 83' lang='lat' dir='ltr'>literarum.</span> <span class='ocrx_word' id='word_1_282' title='bbox 2035 2328 2155 2363; x_wconf 87' lang='lat' dir='ltr'>Datum</span> <span class='ocrx_word' id='word_1_283' title='bbox 2185 2330 2218 2362; x_wconf 88' lang='lat' dir='ltr'>in</span> 
     </span>
     <span class='ocr_line' id='line_1_30' title="bbox 352 2387 2215 2442; baseline -0.004 -12"><span class='ocrx_word' id='word_1_284' title='bbox 352 2397 459 2430; x_wconf 72' lang='lat' dir='ltr'>Brotla</span> <span class='ocrx_word' id='word_1_285' title='bbox 480 2397 673 2442; x_wconf 82' lang='lat' dir='ltr'>Ungaricali</span> <span class='ocrx_word' id='word_1_286' title='bbox 694 2407 780 2430; x_wconf 87' lang='lat' dir='ltr'>anno</span> <span class='ocrx_word' id='word_1_287' title='bbox 811 2396 932 2429; x_wconf 86' lang='lat' dir='ltr'>domini</span> <span class='ocrx_word' id='word_1_288' title='bbox 964 2392 1138 2428; x_wconf 88' lang='lat' dir='ltr'>millesimo</span> <span class='ocrx_word' id='word_1_289' title='bbox 1159 2394 1396 2426; x_wconf 74' lang='lat' dir='ltr'>trecentesimo</span> <span class='ocrx_word' id='word_1_290' title='bbox 1417 2393 1636 2435; x_wconf 78' lang='lat' dir='ltr'>nonagesimo</span> <span class='ocrx_word' id='word_1_291' title='bbox 1662 2389 1824 2433; x_wconf 65' lang='lat' dir='ltr'>secundo,</span> <span class='ocrx_word' id='word_1_292' title='bbox 1855 2389 1907 2424; x_wconf 86' lang='lat' dir='ltr'>die</span> <span class='ocrx_word' id='word_1_293' title='bbox 1927 2391 2033 2424; x_wconf 81' lang='lat' dir='ltr'>sancti</span> <span class='ocrx_word' id='word_1_294' title='bbox 2051 2387 2215 2423; x_wconf 73' lang='lat' dir='ltr'>Mani-icil.</span> 
     </span>
    </p>

    <p class='ocr_par' dir='ltr' id='par_1_10' title="bbox 663 2470 2217 2561">
     <span class='ocr_line' id='line_1_31' title="bbox 1268 2470 1274 2484; baseline 0 0"><span class='ocrx_word' id='word_1_295' title='bbox 1268 2470 1274 2484; x_wconf 68' lang='grc' dir='ltr'>Ι</span> 
     </span>
     <span class='ocr_line' id='line_1_32' title="bbox 663 2519 2217 2561; baseline -0.005 -9"><span class='ocrx_word' id='word_1_296' title='bbox 663 2527 754 2561; x_wconf 73' lang='lat' dir='ltr'>(Orig.</span> <span class='ocrx_word' id='word_1_297' title='bbox 787 2527 870 2561; x_wconf 70' lang='lat' dir='ltr'>Perg,</span> <span class='ocrx_word' id='word_1_298' title='bbox 905 2536 920 2551; x_wconf 81' lang='lat' dir='ltr'>:i</span> <span class='ocrx_word' id='word_1_299' title='bbox 950 2526 1034 2551; x_wconf 65' lang='lat' dir='ltr'>dorso</span> <span class='ocrx_word' id='word_1_300' title='bbox 1065 2524 1194 2557; x_wconf 65' lang='lat' dir='ltr'>beigvdr.</span> <span class='ocrx_word' id='word_1_301' title='bbox 1219 2523 1278 2557; x_wconf 50' lang='grc' dir='ltr'>Εἰς,</span> <span class='ocrx_word' id='word_1_302' title='bbox 1311 2523 1338 2548; x_wconf 88' lang='lat' dir='ltr'>in</span> <span class='ocrx_word' id='word_1_303' title='bbox 1363 2523 1413 2547; x_wconf 69' lang='lat' dir='ltr'>dor</span> <span class='ocrx_word' id='word_1_304' title='bbox 1438 2522 1631 2547; x_wconf 56' lang='lat' dir='ltr'>Bobvk‘svlien</span> <span class='ocrx_word' id='word_1_305' title='bbox 1657 2522 1716 2555; x_wconf 65' lang='lat' dir='ltr'>Slg.</span> <span class='ocrx_word' id='word_1_306' title='bbox 1750 2531 1777 2548; x_wconf 86' lang='lat' dir='ltr'>n.</span> <span class='ocrx_word' id='word_1_307' title='bbox 1805 2521 1886 2546; x_wconf 82' lang='lat'>8076</span> <span class='ocrx_word' id='word_1_308' title='bbox 1912 2521 1949 2546; x_wconf 85' lang='lat' dir='ltr'>im</span> <span class='ocrx_word' id='word_1_309' title='bbox 1974 2519 2064 2547; x_wconf 58' lang='lat' dir='ltr'>miihr.</span> <span class='ocrx_word' id='word_1_310' title='bbox 2089 2519 2217 2546; x_wconf 82' lang='lat' dir='ltr'>Laudes-</span> 
     </span>
    </p>
   </div>
   <div class='ocr_carea' id='block_1_10' title="bbox 558 2580 707 2613">
    <p class='ocr_par' dir='ltr' id='par_1_11' title="bbox 558 2580 707 2613">
     <span class='ocr_line' id='line_1_33' title="bbox 558 2580 707 2613; baseline 0.013 -9"><span class='ocrx_word' id='word_1_311' title='bbox 558 2580 707 2613; x_wconf 73' lang='lat' dir='ltr'>Archivc.)</span> 
     </span>
    </p>
   </div>
  </div>
 </body>
</html>
