2313 3090
1146 146 1220 179 470

249 250 446 284 indiccione.
486 250 550 283 die.
590 262 717 285 mense.
749 250 843 295 hora,
874 250 1065 295 pontificatu
1095 255 1127 283 et
1155 250 1242 293 loco‚
1272 250 1390 295 quibus
1420 262 1531 297 supra.
1562 251 1776 286 Presentibus
1805 251 2057 288 honorabilibus
2086 258 2118 288 et

251 312 404 345 discretis
434 314 515 344 viris
544 311 685 344 dominis
715 310 869 344 Johanne
900 310 1001 344 Gram
1031 314 1063 344 in
1094 311 1226 351 Olssan,
1258 316 1290 345 et
1318 310 1458 345 Nicolao
1487 312 1639 347 Heresch
1670 317 1701 347 in
1719 312 1877 347 Slatinicz
1898 314 2115 350 ecclesiarum

249 372 409 418 plebanis.
451 371 686 406 Olomncensis
726 372 881 405 diocesis
919 371 1033 405 Ulrico
1072 371 1112 405 de
1147 371 1261 405 Giezin
1300 372 1526 418 prebendario
1562 374 1708 408 ecclesie
1751 374 1996 419 olomucensis,
2038 378 2115 410 item

248 432 378 466 Jaxone
418 432 458 465 de
493 432 674 478 Myelnico.
712 431 810 465 Petro
847 432 887 465 de
922 431 1010 465 Zacz
1043 432 1317 478 procuratoribus
1353 437 1542 468 consistorii
1579 434 1824 479 ΟΙοῐῐιυορηείετ
1862 435 2000 470 testibus
2029 439 2117 470 circa

247 496 410 539 premissa
441 498 471 526 et
501 493 572 527 aliis
603 493 713 526 multis
743 492 806 526 fide
836 493 956 538 dignis.

402 553 443 587 Et
473 564 538 598 ego
567 553 664 587 Vitus
694 558 790 587 natus
820 554 987 598 quondam
1017 553 1106 588 Petri
1136 555 1176 588 de
1205 555 1398 601 LonipiiiCZ‚
1420 556 1564 590 clericus
1584 555 1765 602 Pragensis
1786 557 1941 600 diocesis,
1962 557 2112 603 publicus

247 615 410 660 imperiali
440 618 639 648 auctoritate
668 618 818 649 notarius
848 619 912 648 etc.
989 614 993 617 ’
2083 660 2088 662 -

402 674 445 708 Ei
483 686 547 720 ego
586 675 744 709 Andreas
783 675 859 709 olim
899 675 1029 709 Thome
1059 676 1099 710 de
1128 675 1325 712 Prisenticz.
1355 677 1498 712 clericus
1528 677 1762 713 Oloinucensis
1792 678 1936 714 diocesis
1964 678 2114 725 publicus

247 739 443 770 auctoritate
472 736 635 782 imperiali
665 739 814 771 notarius
844 741 908 770 etc.

557 901 629 935 (Ans
653 902 715 927 dein
740 902 935 934 Monasffiew,
959 906 1052 929 tonius
1077 903 1322 932 cisterciensium,
1347 903 1527 939 Manuscript
1549 905 1586 930 im
1613 905 1738 931 Archive,
1763 905 1813 931 des
1837 905 1885 933 Kl.
1908 905 2060 942 Raigern.)

1125 1153 1234 1189 531.

251 1229 401 1265 Wenz-el.
422 1230 571 1264 Piichler
600 1231 661 1265 der
691 1231 1021 1276 [sil-cheneinlce'mfte
1053 1233 1086 1265 in
1116 1232 1288 1267 Moleelno.
1319 1232 1475 1276 belrennt,
1505 1234 1587 1267 dass
1616 1246 1654 1267 er·
1683 1235 1757 1268 dem
1788 1235 1946 1279 dortiqen
1967 1235 2114 1280 Pfarrer

729 1292 752 1326 9
783 1292 886 1326 ΜανΙιΛ
913 1293 1070 1337 3(·Ιιη[(1ῖ9
1098 1295 1159 1328 sei.
1193 1293 1250 1328 Dt.
1285 1293 1342 1328 10.
1374 1294 1479 1339 April
1508 1294 1618 1330 1399.

382 1367 515 1421 Ibidem
546 1391 654 1422 statim
684 1389 837 1423 dominus
866 1389 1106 1427 wenceslaus
1137 1395 1325 1424 convenior
1353 1390 1518 1424 fructuum
1550 1392 1695 1426 ecclesie
1724 1395 1757 1426 in
1773 1391 1936 1438 Mohylna
1959 1392 2112 1427 Olomuc.

242 1449 339 1489 dioc„
366 1448 544 1483 confessus
574 1454 634 1492 est,
675 1462 712 1484 se
750 1453 856 1484 teneri
895 1455 927 1484 et
965 1450 1128 1485 debitorie
1165 1451 1307 1497 obligari
1344 1454 1377 1486 in
1415 1463 1538 1486 novem
1576 1456 1698 1487 marcis
1729 1457 1893 1488 moravici
1922 1457 2051 1488 numeri
2081 1459 2113 1488 et

241 1513 432 1555 pagamenti
469 1510 603 1544 domino
640 1511 793 1554 NicolaQ
823 1511 966 1557 plebano
996 1512 1083 1546 dicte
1113 1513 1258 1546 ecclesie
1287 1517 1317 1547 in
1346 1513 1519 1559 Mohylnffl
1549 1524 1609 1559 pro
1639 1514 1841 1559 peccoribus
1871 1503 1903 1549 et
1931 1515 2114 1561 pecudibus

214 1556 347 1604 'eidem
385 1582 446 1617 per
484 1572 604 1606 dictum
645 1573 812 1607 dominum
843 1572 1018 1607 Nicolaum
1049 1578 1127 1619 aput
1156 1574 1275 1607 dictam
1307 1574 1485 1608 ecclesiam
1515 1575 1695 1612 derelictis,
1727 1587 1809 1621 quas
1839 1575 1948 1610 eidem
1978 1576 2114 1611 solvere

240 1635 392 1677 promisit
426 1635 458 1666 in
497 1637 647 1667 terminis
683 1634 914 1681 infrascriptis,
950 1635 1109 1669 videlicet
1144 1638 1175 1669 in
1214 1640 1335 1669 octava
1374 1638 1479 1670 sancti
1519 1634 1657 1681 Georgii
1696 1640 1850 1682 proxime
1879 1642 2022 1672 ventura
2052 1649 2115 1672 sex

240 1692 395 1726 marchas
424 1698 456 1727 et
484 1697 517 1727 in
546 1694 631 1728 festo
662 1694 903 1729 Penthecostes
933 1701 1001 1729 tres
1021 1695 1176 1729 marchas
1197 1696 1350 1730 residuas
1370 1696 1430 1730 sub
1451 1708 1535 1742 pena
1557 1701 1935 1732 excommunicacionis.
1958 1697 2114 1733 Promisit

243 1756 347 1787 eciam
393 1754 498 1788 dictus
542 1756 694 1789 dominus
738 1757 964 1790 VVenceslans
1007 1761 1199 1791 convenior
1240 1768 1367 1802 ponere
1414 1762 1447 1791 et
1489 1758 1603 1792 facere
1647 1762 1842 1793 caucionem
1891 1758 2114 1794 sufficientem

240 1814 483 1849 fideiussoriam
513 1816 598 1850 infra
630 1828 729 1850 unum
752 1828 914 1861 mensem‚
950 1829 966 1851 a
989 1818 1041 1851 die
1063 1818 1138 1851 date
1158 1821 1324 1864 presentis
1345 1819 1580 1864 computando,
1604 1830 1716 1853 coram
1739 1820 1873 1855 domino
1893 1820 2112 1864 Wenceslao‚

239 1875 381 1921 plebano
411 1877 556 1911 ecclesie
586 1881 619 1912 in
648 1878 810 1923 Ewancz,
842 1879 882 1912 de
912 1879 1085 1913 solvendis
1110 1879 1260 1914 XXXVI
1281 1879 1426 1913 marchis
1445 1891 1655 1924 grossorum,
1678 1884 1710 1914 in
1731 1881 1850 1926 quibus
1871 1881 1959 1915 dicto
1980 1881 2113 1916 domino

240 1936 379 1971 Nicolao
418 1937 560 1983 plebano
598 1942 735 1973 racione
772 1943 1014 1974 convencionis
1053 1940 1220 1974 fructuum
1258 1941 1344 1975 dicte
1374 1941 1519 1975 ecclesie
1549 1952 1609 1987 pro
1639 1953 1725 1975 anno
1756 1945 1905 1988 presenti
1934 1942 2113 1988 obligatur9

239 1999 272 2030 in
301 2000 451 2031 terminis
480 1998 715 2046 infrascriptis7
748 2001 903 2034 videlicet
934 2002 964 2035 X
994 2001 1150 2035 marchas
1180 2004 1211 2036 in
1233 2001 1319 2035 festo
1339 2004 1522 2036 nativitatis
1542 2001 1641 2036 beate
1660 2001 1767 2037 Marie
1787 2002 1939 2048 Virginis
1959 2007 2113 2050 proxime

243 2062 399 2092 venturo.
430 2059 461 2092 X
490 2060 647 2094 marchas
678 2064 708 2094 in
739 2061 825 2095 festo
855 2065 960 2096 sancti
989 2062 1164 2097 Michaelis
1195 2062 1314 2096 deinde
1343 2066 1512 2105 seculuro,
1542 2062 1572 2096 X
1594 2063 1750 2097 marchas
1771 2067 1802 2098 in
1823 2063 1910 2098 festo
1930 2067 2112 2099 nativitatis

241 2117 363 2152 Christi
403 2124 434 2153 et
473 2131 535 2154 sex
574 2121 729 2156 marchas
766 2123 931 2157 dominica
969 2123 1146 2158 Invocavit
1182 2128 1260 2157 tunc
1298 2123 1477 2157 inmediate
1515 2127 1679 2169 sequenti,
1712 2128 1863 2159 terminis
1892 2129 1925 2160 et
1953 2125 2047 2160 festis
2075 2136 2112 2161 se

242 2183 399 2213 continue
436 2185 602 2216 secuturis
640 2182 700 2217 sub
738 2195 823 2229 pena
855 2187 1222 2218 excommunicacionis
1248 2184 1395 2230 predicta
1435 2185 1568 2218 domino
1606 2184 1745 2220 Nicolao
1774 2185 1919 2232 plebano
1947 2186 2110 2232 predicto.

243 2240 365 2274 Actum
396 2253 483 2276 anno
513 2243 746 2278 MCCCXCIX
768 2245 820 2278 die
841 2245 871 2279 X
895 2249 1019 2280 mensis
1040 2246 1170 2292 Aprilis
1191 2250 1223 2279 et
1252 2245 1477 2291 presentib11S‚
1507 2246 1626 2291 quibus
1655 2258 1754 2293 supra
1777 2246 1935 2281 videlicet
1954 2246 2111 2282 Drzcone

240 2300 281 2334 (le
310 2300 490 2339 Plessnicz,
522 2303 660 2337 Andrea
692 2305 732 2338 de
762 2305 953 2352 Lonipnicz,
985 2306 1147 2353 Chalupa,
1178 2305 1398 2346 Bohuncone,
1429 2309 1567 2340 notariis
1596 2307 1748 2353 publicis.

551 2469 623 2503 (Ans
648 2471 710 2496 dem
736 2471 800 2499 Lib,
825 2472 918 2505 oblig.
945 2473 983 2498 II.
1009 2473 1047 2498 12
1073 2472 1093 2499 f.
1120 2472 1181 2498 233
1206 2473 1243 2498 im
1269 2473 1377 2507 Prager
1402 2473 1523 2506 Meti-op.
1549 2472 1789 2508 Cap.-Archivc.)
