2313 3090
1222 197 1293 231 152

325 303 355 331 et
378 299 584 345 presbyteris
606 303 728 334 curatis
750 305 779 333 et
801 311 865 334 non
887 303 1021 334 curatis.
1044 300 1275 335 tabellionibus
1297 313 1355 336 sen
1385 305 1523 336 notariis
1552 302 1691 348 publicis
1720 307 1751 336 et
1781 303 1912 336 clericis
1941 301 2192 348 quibuscunque

323 370 383 404 per
412 363 579 394 civitatem
611 366 643 394 et
672 361 830 394 diocesim
863 361 1121 395 Olomucensem
1152 362 1335 407 predictam
1365 362 1501 396 ubilibet
1530 366 1729 406 constitutis„
1755 366 1808 408 qui
1830 361 2041 409 presentibus
2062 363 2190 397 fueritis

323 422 471 464 requisiti
490 432 549 454 seu
579 422 662 454 alter
691 426 840 454 vestrum
872 421 969 455 fuerit
1000 425 1190 467 requisitus,
1221 423 1359 456 salutem
1390 425 1421 456 in
1451 423 1584 457 domino
1614 429 1645 457 et
1667 425 1829 458 mandatis
1849 426 1972 457 nostris
1989 427 2054 458 imo
2075 427 2190 458 verius

322 481 513 525 apostolicis
543 480 681 514 firmiter
710 480 859 514 obedire.
916 481 1087 516 Noveritis
1116 494 1178 517 nos
1207 483 1328 517 dudum
1358 487 1530 530 recepisse
1559 496 1618 530 pro
1647 489 1741 531 parte
1764 484 1968 519 honorabilis
1989 489 2021 518 et
2040 485 2190 530 religiosi

321 543 384 573 viri
414 540 548 574 Nicolai
578 544 718 575 rectoris
748 546 780 574 et.
808 541 939 587 plebani
969 542 1141 588 hospitalis
1171 547 1276 577 sancti
1305 547 1439 590 spiritus
1468 549 1499 579 in
1529 547 1674 591 Antiqua
1704 546 1814 580 Bruna
1846 547 1932 580 dicte
1954 546 2189 580 olomucensis

323 601 466 634 diocesis
505 612 543 634 ac
583 601 719 634 fratrum
759 602 885 636 ordinis
921 607 1025 637 sancti
1065 603 1227 638 Johannis
1265 604 1437 650 hospitalis
1473 605 1734 640 Jerosolimitani
1770 618 1843 640 cum
1883 618 1934 642 ea.
1973 607 2189 652 quadecuit.

322 665 521 695 reverencia
560 662 672 695 literas
711 662 854 696 felicium
894 653 1184 698 recordacionum
1203 665 1411 699 dominorum
1443 665 1600 712 Gregorii
1631 678 1714 713 pape
1744 670 1822 701 noni
1852 672 1883 701 et
1911 667 2074 701 Jobannis
2095 664 2188 713 ⁴pape

322 721 418 755 XXII
450 748 455 754 .
481 749 486 755 .
512 749 518 755 .
542 750 547 755 .
581 750 587 755 .
619 734 757 767 quarum
789 728 885 757 tenor
913 723 1001 757 bulte
1030 728 1136 770 prime
1164 726 1323 760 videlicet
1361 727 1482 761 domini
1513 727 1671 773 Gregorii
1700 739 1760 774 per
1789 731 1897 761 omnia
1928 731 1959 762 in
1990 728 2054 761 hec
2082 727 2187 762 verba

321 785 486 827 sequitur:
520 781 732 827 „Gregorius
761 787 939 830 episcopus
969 796 1090 819 servus
1120 797 1296 821 servorum
1328 788 1379 821 (lei
1412 815 1417 821 .
1451 815 1457 821 .
1489 816 1495 822 .
1530 815 1535 821 .
1575 788 1649 822 Non
1680 788 1807 833 absque
1836 788 1953 822 dolore
1983 788 2093 822 cordis
2123 792 2187 821 ete.

320 843 438 876 Datum
469 844 628 888 Anagine
659 842 737 891 (sic)
765 843 839 878 VII.
870 844 1039 879 Kalendas
1069 846 1278 893 Septembris
1308 848 1518 893 pontificatus
1547 851 1650 882 nostri
1681 860 1768 882 anno
1788 848 1933 894 prim0.“
1969 848 2084 882 Tenor
2103 859 2188 882 vero

321 904 454 936 alterius
483 903 571 937 bulle
600 905 756 939 videlicet
787 905 910 939 domini
939 906 1102 941 Jobannis
1132 919 1217 954 pape
1246 908 1344 942 XXII
1374 920 1433 954 per
1449 912 1558 942 omnia
1580 912 1729 954 sequitur
1749 914 1781 942 et
1801 913 1851 943 est
1872 909 1966 942 talis:
1991 908 2187 954 „Johannes

320 966 497 1009 episeopus
518 976 638 999 servus
668 977 845 1000 servorum
881 967 932 1001 dei
954 968 1082 1002 dilectis
1108 968 1180 1003 filiis
1210 972 1242 1003 in
1271 969 1358 1002 Luca
1390 975 1421 1003 et
1450 969 1673 1004 Zabrdowicz
1704 972 1982 1003 monasteriorum
2013 968 2187 1003 abbatibus

321 1023 555 1059 Olomucensis
594 1026 738 1060 diocesis
769 1055 931 1062 .....
969 1029 1023 1062 Ad
1062 1029 1127 1063 hoc
1163 1041 1224 1063 nos
1254 1030 1335 1063 deus
1373 1031 1505 1076 pretulit
1541 1035 1604 1064 etc.
1661 1030 1781 1063 Datum
1810 1031 1983 1064 Avinione
2011 1029 2084 1064 Vll.
2114 1030 2187 1064 idus

319 1084 475 1119 Octobris
511 1086 721 1131 pontificatus
765 1091 867 1121 nostri
907 1100 994 1122 anno
1034 1090 1190 1135 quarto.“
1229 1090 1375 1131 Quarum
1415 1091 1613 1135 integralem
1648 1095 1798 1124 tenorem
1837 1095 1975 1136 propter
2003 1090 2186 1124 earundem

318 1146 543 1191 prolixitatem
574 1147 786 1192 presentibus
816 1152 917 1183 inseri
947 1149 1154 1186 obmisimus.
1191 1154 1320 1197 copiam
1360 1156 1468 1185 antem
1500 1162 1614 1184 earum
1644 1151 1799 1185 hesitanti
1830 1156 1861 1184 et
1892 1150 2059 1184 humiliter
2088 1152 2186 1195 juxta

318 1212 389 1241 acta
434 1213 545 1242 nostra
589 1213 712 1254 petenti
752 1210 885 1244 indubie
923 1210 1073 1244 dabimus
1111 1211 1254 1245 cuilibet.
1303 1211 1452 1257 Cumque
1491 1215 1596 1245 eciam
1636 1212 1674 1245 ad
1714 1214 1909 1245 instanciam
1949 1212 2026 1245 dicti
2064 1211 2187 1245 domini

318 1268 446 1302 Nicotai
476 1272 578 1315 partis
608 1273 742 1304 actricis
768 1276 798 1304 et
828 1271 964 1305 Henrici
993 1271 1188 1307 Hawswald
1219 1273 1355 1317 legitimi
1377 1276 1605 1318 procuratoris
1625 1275 1728 1319 ipsius
1749 1277 1779 1306 et
1800 1275 1935 1306 nomine
1955 1275 2186 1318 procuratorio

318 1330 451 1363 discreti
486 1333 549 1364 viri
585 1331 707 1364 domini
742 1330 911 1365 Bolidalus
946 1332 986 1365 de
1019 1332 1232 1366 theotonicali
1271 1332 1430 1380 Kinlieyt⁹
1465 1333 1636 1368 Joliannes
1679 1345 1736 1367 seu
1771 1332 1880 1367 Janko
1913 1335 1945 1366 in
1978 1331 2185 1375 Bobrowka‚

316 1390 484 1424 Miebaliel
523 1394 554 1425 in
593 1392 742 1426 inferiori
781 1392 962 1426 Bobrowia
1001 1398 1099 1439 atque
1130 1393 1298 1439 Georgius
1327 1397 1359 1428 in
1390 1394 1503 1428 Obecz
1533 1395 1753 1429 ecclesiarum
1783 1393 1915 1440 plebani
1944 1405 2004 1427 seu
2033 1398 2186 1427 rectores

317 1452 403 1485 dicte
443 1451 675 1486 Olomucensis
715 1453 859 1487 diocesis
890 1457 1086 1487 auctoritate
1116 1459 1228 1488 nostra
1260 1458 1514 1489 conservatoria
1545 1458 1610 1488 imo
1640 1458 1754 1489 verius
1783 1455 1966 1501 apostolica
1997 1459 2029 1487 et
2061 1457 2185 1488 virtute

317 1514 476 1547 dictarum
516 1513 687 1547 literarum
724 1515 980 1560 apostolicarum
1020 1515 1127 1552 nobis
1167 1521 1198 1548 ut
1239 1519 1448 1561 premittitur„
1484 1527 1596 1549 coram
1627 1518 1757 1549 notario
1786 1514 1919 1561 publico
1949 1515 2069 1548 dudum
2099 1525 2185 1560 pre-

315 1579 532 1608 sentatarum.
555 1578 584 1608 in
606 1578 710 1608 nostri
731 1579 941 1620 presenciam
963 1576 1034 1609 aliis
1051 1579 1151 1609 certis
1173 1577 1275 1610 literis
1295 1579 1419 1610 nostris
1441 1576 1660 1610 mediantibus
1690 1576 1810 1609 dudum
1841 1580 1936 1609 antea
1958 1577 2185 1621 peremptorie

315 1646 354 1668 ac
384 1646 449 1668 uno
479 1646 538 1680 pro
568 1635 671 1669 tribus
701 1636 810 1669 edicto
840 1639 1009 1669 ammoniti
1040 1637 1162 1682 pluries
1192 1640 1280 1670 citati
1311 1642 1342 1671 et
1371 1641 1502 1671 evocati
1533 1638 1672 1671 fuissent
1701 1641 1731 1671 in
1761 1640 1861 1670 certis
1891 1641 1923 1669 et
1951 1639 2185 1682 peremptoriis

315 1699 464 1729 terminis
494 1699 572 1741 ipsis
602 1696 750 1741 partibus
788 1696 925 1742 prelixis
964 1709 1077 1730 eoram
1114 1698 1221 1734 nobis,
1262 1703 1294 1731 ut
1332 1699 1471 1744 predicti
1506 1698 1637 1744 plebani
1667 1703 1820 1744 quatuor„
1849 1697 2038 1731 nominibus
2067 1696 2184 1742 quibus

315 1768 427 1802 supra*
458 1758 676 1802 quadraginta
708 1769 838 1791 marcas
868 1769 1063 1803 grossorum
1097 1762 1311 1804 pragensium
1343 1762 1506 1793 moravici
1535 1762 1664 1793 numeri
1694 1764 1726 1792 et
1759 1761 1949 1804 pagaineuti
1988 1769 2048 1804 pro
2074 1762 2106 1791 et
2144 1758 2184 1792 de

315 1818 452 1851 decimis
483 1817 614 1862 frugum
645 1829 705 1863 per
733 1819 902 1864 predictos
931 1824 1072 1864 quatuor
1100 1819 1261 1865 plebanos
1291 1820 1332 1853 de
1362 1820 1449 1853 facto
1479 1824 1509 1853 et
1539 1823 1718 1854 temerarie
1747 1819 1896 1865 spoliatis
1925 1819 1964 1852 ad
2004 1818 2183 1852 ecclesiam

314 1878 540 1924 parochialem
581 1881 610 1911 in
650 1878 789 1912 Krisans
819 1891 877 1912 sen
907 1879 1109 1913 Krisanowe
1145 1880 1326 1926 predictam
1368 1885 1399 1914 et
1428 1892 1488 1926 per
1516 1892 1728 1926 consequens
1757 1880 1796 1913 ad
1827 1879 1990 1925 hospitale
2020 1883 2053 1913 et
2082 1881 2184 1925 ipsius

314 1949 480 1984 pauperes
510 1943 542 1972 et
572 1939 779 1972 miserabiles
809 1951 971 1985 personas
1002 1940 1078 1974 inibi
1109 1941 1273 1985 degentes
1303 1952 1342 1974 ac
1372 1946 1538 1975 rectorem
1569 1953 1627 1975 seu
1658 1940 1833 1987 plebanum
1864 1941 1941 1974 dicti
1963 1940 2134 1986 hospitalis
2151 1943 2183 1974 in

315 2000 460 2044 Antiqua
491 1998 601 2032 Bruna
632 2000 751 2033 dudum
771 2000 1009 2046 spectantibus.
1040 2006 1094 2035 aut
1124 2005 1268 2047 ipsarum
1300 2002 1515 2048 spoliatarum
1546 2002 1750 2035 decimarum
1782 2001 1931 2034 valoram
1961 2011 2020 2034 seu
2040 2003 2183 2034 estima-

314 2063 444 2093 cionem
466 2061 648 2106 predictam
680 2063 711 2094 in
733 2061 870 2106 prelixis
900 2065 1050 2096 terminis
1080 2063 1229 2108 predicte
1259 2063 1329 2097 lese
1358 2065 1442 2109 parti
1472 2065 1587 2096 aetrici
1616 2062 1759 2095 reddere
1788 2062 1924 2095 solvere
1954 2061 2034 2094 dare
2056 2071 2183 2107 pagare

315 2126 345 2153 et
384 2132 458 2154 eum
498 2121 616 2154 cll'ectu
647 2125 833 2155 'restituere
872 2123 1031 2157 deberent
1072 2129 1103 2157 et
1142 2129 1348 2166 tenere-ntum
1388 2128 1443 2157 aut
1479 2126 1510 2156 in
1549 2122 1684 2169 prelixis
1714 2122 1860 2168 partibus
1891 2122 2077 2156 huiusmodi
2108 2132 2182 2155 cum

315 2181 467 2215 omnibus
505 2186 537 2215 et
575 2183 713 2223 singulis
751 2187 819 2217 suis
853 2184 984 2227 juribus
1022 2185 1208 2230 privilegiis
1239 2187 1450 2218 munimentis
1479 2183 1693 2230 processibus
1723 2188 1755 2217 et
1784 2186 1851 2217 suis
1880 2185 2054 2217 autenticis
2083 2193 2184 2227 super

315 2242 501 2276 huiusmodi
532 2242 664 2287 frugum
695 2244 843 2278 decimis.
861 2245 1111 2290 quomodolibet
1134 2245 1253 2279 habitis
1274 2251 1304 2279 et
1325 2248 1395 2279 sitis
1416 2248 1446 2278 in
1468 2245 1554 2278 villis
1575 2244 1798 2278 Crewezdorl'
1816 2243 1987 2278 Bobdalau
2007 2241 2183 2277 Morawsk

314 2304 440 2336 Cos-sau
481 2308 513 2336 et
549 2303 769 2349 Myroscbaw
808 2310 872 2339 etc.
903 2309 1128 2351 peremptorie
1158 2317 1357 2352 comparere
1386 2310 1418 2339 et
1447 2306 1595 2349 allegare
1626 2304 1732 2338 verbo
1762 2305 1815 2338 vel
1847 2307 1877 2338 in
1907 2307 2039 2350 scriptis
2067 2314 2181 2338 coram

312 2363 407 2396 nobis
437 2367 467 2397 in
498 2364 585 2397 (licto
616 2368 757 2398 termino
787 2366 1023 2400 racionabilem
1054 2371 1084 2399 et
1116 2366 1338 2400 racionabiles
1369 2377 1503 2400 causam
1534 2370 1565 2399 et
1595 2377 1725 2401 causas,
1763 2377 1822 2399 cur
1851 2377 1916 2400 non
1945 2365 2060 2399 facere
2097 2374 2182 2410 pre-

312 2424 395 2457 dieta
436 2429 465 2457 et
504 2425 542 2457 ad
580 2428 821 2459 exeeucionem
854 2430 999 2471 ipsorum
1041 2430 1144 2461 eciam
1184 2431 1289 2461 ‹tozicti
1327 2432 1358 2460 et
1396 2429 1521 2460 astricti
1557 2429 1690 2460 minime
1721 2430 1924 2460 tenerentur.
1982 2425 2182 2470 Prefathue

312 2495 370 2516 ree
409 2489 519 2529 partes
558 2485 596 2518 ad
637 2490 668 2518 et
704 2497 804 2531 super
842 2492 990 2532 quartam
1032 2488 1147 2521 seriam
1188 2493 1261 2533 post
1296 2488 1508 2529 dominicani,
1547 2498 1609 2531 qua
1648 2489 1678 2520 in
1708 2487 1759 2520 dci
1789 2487 1933 2520 ecclesia
1963 2485 2179 2520 cantabatur:

316 2543 480 2588 „Jubilate
511 2546 597 2578 deo“
630 2546 749 2579 (luduin
773 2551 977 2592 preteritum.
1007 2559 1066 2593 per
1096 2560 1157 2581 nos
1174 2551 1400 2594 peremptorie
1421 2550 1519 2581 citato
1540 2547 1578 2579 ad
1601 2547 1750 2592 predicte
1772 2550 1874 2593 partis
1894 2549 2027 2581 actricis
2048 2549 2180 2580 instan-

314 2607 397 2638 ciam
430 2606 561 2639 l'uerunt
591 2607 629 2639 ad
661 2608 929 2653 respoiideinlum
961 2608 1070 2642 libello
1087 2609 1224 2651 deliere‚
1256 2620 1315 2655 per
1344 2608 1493 2654 predicte
1523 2611 1655 2641 actricis
1685 2611 1786 2653 partis
1807 2612 2059 2653 procuratorem
2081 2606 2178 2640 Hen—

315 2668 417 2698 rieuin
457 2667 640 2711 predictum
675 2668 878 2711 judicialiter
913 2681 1026 2702 eoram
1066 2669 1161 2702 nobis
1200 2673 1229 2702 in
1266 2670 1405 2714 quadani
1437 2672 1584 2702 accionis
1623 2672 1814 2702 iniuriarum
1854 2680 1953 2702 causa
1992 2673 2106 2702 contra
2148 2672 2180 2701 et
