2313 3090
1035 181 1107 215 153

133 297 298 331 adversus
326 297 496 343 predictas
525 307 602 330 reas
630 301 744 342 partes
773 295 883 330 oblato
914 301 944 330 et
971 297 1056 340 juris
1085 297 1199 340 scripti
1228 294 1346 328 ordine
1375 292 1485 326 debite
1515 296 1547 325 et
1577 292 1724 336 legitime
1753 291 1936 325 observato
1966 294 2005 324 ad

133 358 291 392 ulteriora
322 358 395 392 fore
424 362 457 391 et
485 368 562 391 esse
591 358 853 402 procedendum.
885 362 980 403 prout
1010 359 1141 390 notorie
1172 355 1262 389 clare
1292 359 1322 388 et
1345 354 1521 387 manifeste
1542 356 1573 386 in
1595 352 1698 386 literis
1718 355 1841 385 nostris
1863 352 2008 397 desuper

133 418 295 452 confectis
333 418 485 463 sigillatis
521 422 553 451 et
591 422 753 452 emanatis
789 423 819 451 et
856 419 972 463 sigillis
1007 422 1226 451 executorum
1257 415 1446 449 huiusmodi
1475 414 1514 447 ad
1546 413 1609 447 lioc
1639 424 1698 458 per
1726 424 1787 446 nos
1817 413 2008 458 specialiter

133 479 396 524 deputandorum
436 478 556 512 dudum
596 481 802 523 consignatis
841 483 871 511 et
911 477 1006 512 nobis
1044 481 1204 511 remissis.
1263 477 1303 510 Et
1332 476 1450 521 quibus
1481 477 1641 508 terminis.
1670 474 1819 520 partibus
1848 474 2006 519 predictis

132 538 271 585 prefixis
308 539 468 584 legitime7
508 538 765 572 advenientibus
802 539 897 572 nobis
936 549 1010 572 cum
1039 538 1167 572 Jacobo
1197 543 1346 572 actorum
1377 541 1568 570 nostrorum
1600 538 1761 569 »notarim
1791 534 2005 580 infrascripto

132 611 194 646 pro
231 599 384 633 tribunali
422 599 615 633 sedentibus
652 602 684 632 in
710 600 836 643 judicio
866 600 1031 633 Heni-icus
1061 599 1255 633 Hawswald
1286 601 1486 644 procurator
1515 597 1681 641 legitimus
1711 596 1851 641 predicti
1881 596 2004 628 domini

130 660 262 696 Nicolai
295 660 452 695 cruciferi
481 665 513 694 et
550 663 652 706 partis
681 663 815 694 actricis
845 661 992 704 legitime
1023 664 1052 693 in
1082 671 1226 706 pei-sona
1258 661 1441 705 compaurit
1472 663 1501 691 et
1533 657 1680 703 partibus
1711 659 1777 690 reis
1806 656 2004 702 supradictis

131 724 266 756 minime
294 733 359 756 nec
386 733 448 767 per
476 733 512 755 se
542 732 605 754 nec
634 732 713 754 suos
743 726 854 754 certos
884 726 913 755 et
945 722 1111 765 legitimos
1141 725 1379 766 procuratores
1400 717 1683 764 comparentibus,
1704 721 1849 763 ipsarum
1869 728 2002 751 rearum

129 785 278 829 parcium
308 785 357 816 sic
384 793 451 816 non
481 785 753 827 comparencium
783 786 1026 816 contumaciam
1057 793 1129 814 cum
1162 783 1322 814 instancia
1353 782 1522 813 accusavit
1553 784 1583 811 et
1614 783 1751 824 propter
1771 778 1852 811 alias
1872 781 2003 823 priores

130 843 328 889 multiplices
372 845 600 876 contumacias
645 843 868 888 predictarum
918 854 1050 876 rearum
1096 845 1263 887 parcium.
1313 844 1342 874 in
1391 852 1473 885 quas
1520 843 1761 872 contumaciter
1807 844 1837 872 et
1886 839 2002 872 multi-

129 903 215 938 farie
251 904 371 937 dudum
409 907 636 937 incurrerunt.
675 908 771 948 prout
803 906 833 936 in
864 907 945 937 actis
975 907 1098 936 nostris
1128 904 1322 947 expressius
1353 901 1393 934 de
1423 900 1528 933 vei-bo
1559 900 1596 932 ad
1628 899 1768 932 verbum
1800 903 2001 933 continetur.

129 975 172 998 ne
210 967 270 1010 ipsi
310 965 350 997 de
379 967 525 1010 ipsorum
557 952 788 998 inobediencia
820 964 971 997 valerent
1001 962 1248 1008 quomodolibet
1279 962 1427 1006 gloriari.
1455 963 1549 1003 juxta
1577 962 1662 1003 juris
1691 961 1841 993 ordinem
1873 966 1999 1006 partem

128 1025 311 1070 predictam
350 1025 507 1070 suspendi
547 1024 587 1058 ab
626 1028 780 1069 ingressu
812 1025 956 1058 ecclesie
987 1025 1181 1058 denunciari
1211 1025 1498 1056 excommunicari
1529 1027 1559 1055 et
1590 1025 1747 1067 agi-avari
1779 1025 1940 1055 instanter
1970 1026 1999 1055 et

125 1089 365 1120 instantissime
394 1089 509 1131 petivit
539 1090 604 1119 tam
641 1086 693 1119 diu
731 1090 761 1119 et
798 1096 970 1130 quousque
1002 1088 1180 1118 uionicioni
1218 1089 1332 1118 nostre
1372 1087 1536 1129 premisse
1566 1094 1639 1116 cum
1671 1082 1788 1116 ell'ectu
1819 1093 1939 1128 parere
1969 1087 1999 1115 et

127 1145 266 1180 obedire
291 1151 459 1180 curarent.
499 1146 653 1180 videlicet
695 1146 753 1180 XL
783 1158 913 1179 marcas
942 1157 1140 1189 grossorum
1171 1148 1399 1191 pragensium.
1431 1148 1558 1178 numeri
1590 1144 1803 1177 moravicalis
1832 1155 1895 1176 una
1925 1154 1998 1176 cum

125 1207 277 1252 dampnis
306 1210 465 1253 expensis
495 1212 526 1241 et
556 1210 720 1241 interesse
751 1219 810 1252 pro
840 1207 945 1252 spolio
976 1210 1156 1240 commisso
1187 1206 1227 1239 de
1258 1206 1345 1239 sacto
1376 1206 1444 1238 lese
1475 1208 1556 1250 parti
1587 1210 1617 1238 et
1647 1208 1761 1238 actrici
1793 1205 2001 1249 integraliter

124 1268 361 1314 persolverent
384 1274 413 1302 et
444 1268 555 1302 libello
585 1269 705 1302 dudum
736 1268 847 1301 oblato
874 1270 967 1310 juxta
994 1268 1080 1309 juris
1110 1267 1259 1299 ordinem
1291 1266 1546 1311 responderent.
1577 1276 1707 1299 necnon
1737 1269 1999 1310 occupacionem

124 1333 155 1362 et
181 1333 373 1374 pretensam
404 1328 592 1363 huiusmodi
622 1330 825 1363 decimarum
857 1331 1105 1374 possessionem
1138 1338 1196 1373 pro
1227 1338 1264 1360 se
1294 1332 1323 1359 et
1354 1330 1422 1359 suis
1452 1325 1706 1359 successoribus
1727 1329 1894 1359 universis
1915 1328 1999 1371 parti

124 1392 238 1423 actrici
268 1394 323 1423 aut
352 1390 459 1423 ordini
489 1390 732 1423 cruciferorum
764 1394 925 1435 perpetuo
957 1392 1035 1434 ipsis
1065 1388 1217 1421 cedendo
1246 1391 1471 1431 resignarent.
1505 1387 1575 1420 Nos
1596 1398 1679 1420 vero
1700 1387 1875 1420 jaroslaus
1898 1386 2001 1419 abbas

118 1450 225 1494 judex
255 1455 285 1485 et
315 1455 539 1484 conservator
567 1452 777 1496 supradictus
807 1455 947 1496 protunc
978 1449 1243 1483 c‹‡›nsiderantes.
1275 1449 1360 1493 quod
1387 1450 1475 1492 justa
1506 1447 1695 1493 petentibus
1726 1459 1790 1480 non
1812 1458 1888 1480 esse
1910 1458 1999 1491 quo-

123 1511 302 1545 modolibet
332 1512 551 1556 denegandus
581 1522 751 1545 assensus.
774 1511 893 1557 prefati
915 1510 1049 1543 Henrici
1071 1512 1300 1556 procuratoris
1321 1512 1520 1555 peticionem
1544 1513 1709 1553 tamquam
1727 1510 1793 1551 juri
1816 1518 1997 1541 consonam

122 1577 155 1606 et
175 1577 418 1617 congruentem
441 1575 641 1606 auctoritate
662 1576 774 1605 nostra
807 1575 1060 1605 conservatoria
1093 1571 1306 1605 decernendo
1337 1572 1530 1604 admisimus
1561 1575 1590 1603 ct
1621 1571 1844 1615 predictarum
1867 1580 1999 1602 rearum

119 1635 269 1678 parcium
307 1632 499 1666 rebellionis
538 1638 568 1666 et
599 1636 811 1666 contumacie
843 1632 1120 1666 inobedienciam.
1152 1643 1216 1677 que
1246 1635 1364 1665 merito
1395 1634 1500 1665 extitit
1533 1636 1561 1664 et
1593 1636 1642 1664 est
1674 1631 1860 1676 plectenda.
1891 1633 1996 1663 eciam

120 1693 330 1727 attendentes
367 1697 564 1727 auctoritate
600 1698 714 1727 nostra
753 1697 818 1727 imo
853 1696 967 1727 verius
1005 1693 1186 1738 apostolica
1227 1692 1321 1725 nobis
1360 1695 1390 1725 in
1421 1692 1483 1725 bac
1513 1696 1607 1737 parte
1637 1702 1799 1724 concessa
1831 1691 1998 1736 predictos

120 1759 262 1800 quatuor
296 1754 457 1800 plebanos
487 1755 641 1788 videlicet
675 1754 872 1788 Bohdalmn.
903 1754 1103 1787 Janlzonmu.
1135 1753 1317 1797 Georgium
1341 1758 1371 1786 et
1392 1752 1615 1787 Micliahelem
1637 1753 1757 1785 dudum
1779 1752 1819 1785 ab
1841 1755 1995 1793 ingressu

63 1815 70 1823 ¹
119 1816 349 1850 ecclesiastico
379 1816 452 1849 fore
481 1827 666 1862 suspensos
689 1815 928 1849 denuncciatos
959 1820 988 1847 et
1020 1818 1051 1848 iu
1081 1816 1132 1848 dei
1163 1817 1297 1847 nomine
1327 1817 1651 1847 excommanicatos.
1683 1825 1720 1846 ac
1752 1816 1782 1846 in
1814 1813 1887 1846 cibo
1918 1817 1995 1858 potu

118 1879 197 1921 igne
233 1875 353 1910 balneo
392 1877 466 1911 foro
505 1877 635 1922 loquela
675 1882 707 1910 et
746 1876 890 1922 qualibet
932 1876 1073 1909 bumana
1113 1877 1374 1920 participacione
1414 1873 1535 1907 Christi
1573 1874 1714 1907 fidelium
1757 1874 1829 1907 l'ore
1859 1878 1887 1905 et
1919 1885 1995 1906 esse

117 1937 293 1971 evitandos
331 1942 362 1971 et
405 1937 513 1971 taliter
542 1942 724 1982 agravatos
754 1937 1006 1983 pronunciando
1036 1941 1065 1969 et
1097 1948 1156 1981 pro
1187 1935 1339 1968 tribunali
1370 1934 1518 1967 sedendo
1548 1934 1679 1980 publice
1709 1946 1768 1979 per
1797 1934 1993 1967 decanatum

116 1997 402 2032 Thassoviensem
446 1998 634 2032 huiusmodi
678 2001 907 2044 suspensionis
955 1998 1235 2038 denunciato-„onis
1279 1998 1643 2028 excommunicacionis
1685 1999 1714 2027 et
1759 1997 1996 2037 agi-avacionis

115 2061 307 2093 sentencias
347 2059 499 2092 indurato
529 2062 639 2092 animo
670 2058 854 2092 Pharaonis
885 2062 914 2092 in
945 2069 1078 2091 suarum
1109 2058 1223 2091 salutis
1253 2059 1436 2089 animarum
1468 2067 1576 2092 orave
1606 2056 1812 2100 dispendium
1845 2060 1874 2087 et
1906 2066 1994 2087 con-

116 2123 275 2164 temptum
315 2125 432 2153 sancte
471 2122 585 2153 matris
623 2120 766 2153 ecclesie
803 2123 921 2153 animis
959 2122 1184 2151 sustinuerunt
1226 2118 1384 2150 induratis
1414 2119 1657 2149 contumaciter
1686 2121 1715 2148 et
1749 2116 1801 2149 die
1831 2115 1994 2148 hodierno

117 2182 281 2214 sustinent
311 2180 464 2213 indurati.
497 2180 623 2224 Itaque.
654 2185 686 2213 ut
708 2181 857 2214 veridica
889 2180 1057 2213 relacione
1088 2180 1261 2212 didicimus
1291 2178 1546 2213 lidediffliofflm.
1578 2188 1642 2210 non
1673 2176 1879 2209 obstantibus
1909 2188 1993 2221 pre-

114 2240 201 2273 dicte
239 2244 468 2286 suspensionis
508 2241 780 2274 denunciacionis
820 2243 1185 2274 excommunicacionis
1225 2244 1253 2271 et
1294 2241 1529 2275 :tgravaciotlis
1568 2240 1747 2270 sentenciis
1786 2238 1876 2279 justo
1909 2238 1993 2279 juris

114 2300 232 2334 ordine
260 2300 371 2334 debito
401 2306 538 2335 servato
568 2306 598 2335 et
637 2304 667 2335 in
685 2302 854 2347 predictos
884 2301 1045 2347 plebanos
1075 2301 1193 2333 dudum
1226 2300 1309 2332 latis.
1342 2299 1459 2343 prefati
1491 2297 1659 2330 Bolidalus
1689 2297 1798 2330 Janko
1825 2297 1992 2330 Miclialiel

113 2365 144 2394 et
184 2359 352 2405 Georgius
382 2360 513 2406 plebani
543 2362 762 2395 ecclesiarum
795 2362 1060 2407 supradictarum
1093 2373 1129 2394 se
1159 2362 1280 2393 dixinis
1310 2360 1429 2392 ot'ticiis
1460 2361 1650 2391 ministeriis
1681 2361 1901 2391 intromittere
1933 2369 1992 2403 per

110 2421 224 2466 plures
254 2424 349 2454 vices
380 2421 478 2455 modo
508 2425 689 2455 temerario
720 2422 850 2455 fuerant
882 2427 911 2455 et
942 2427 1015 2455 sunt
1047 2425 1116 2455 ausi
1149 2426 1262 2454 contra
1295 2425 1325 2453 et
1356 2420 1520 2452 adversus
1550 2419 1734 2463 apostolice
1764 2418 1853 2451 sedis
1889 2429 1990 2451 man-

110 2481 185 2515 data
217 2485 248 2515 in
278 2482 342 2515 tale
373 2482 445 2515 talis
472 2482 645 2525 ‘dignitatis
675 2483 893 2528 preiudicium
924 2487 955 2515 et
985 2483 1114 2525 „orande
1145 2482 1336 2515 scandalum
1369 2480 1479 2525 populi
1510 2479 1693 2512 christiani.
1752 2478 1864 2511 Eciam
1899 2483 1931 2511 ut
1961 2481 1992 2511 in

111 2545 320 2576 remissionis
350 2542 625 2576 attestacionibus
655 2548 685 2576 et
718 2547 800 2576 actis
830 2544 920 2576 clare
959 2543 1101 2587 legimus
1142 2547 1171 2575 et
1211 2542 1353 2574 vidimus
1393 2540 1500 2572 adlinc
1531 2550 1590 2584 per
1625 2539 1786 2572 jaeobum
1827 2542 1993 2572 notarium

114 2602 280 2648 publicum
321 2607 351 2636 et
390 2613 491 2636 cause
522 2602 707 2636 huiusmodi
739 2615 851 2637 coram
884 2603 977 2637 nobis
1007 2603 1150 2636 scribam
1183 2602 1277 2635 nobis
1308 2602 1348 2633 de
1378 2600 1525 2645 partibus
1556 2611 1614 2645 pei·
1645 2600 1796 2632 dominos
1826 2599 1988 2632 decanum

114 2661 402 2697 Thassovicnscm
425 2667 455 2695 et
477 2662 652 2708 plebanum
675 2664 715 2697 de
737 2663 963 2709 Mezyrzyecz
993 2668 1126 2696 nosti-os
1157 2665 1406 2695 commissarios
1436 2661 1474 2693 ad
1506 2660 1748 2693 examinandos
1778 2664 1808 2693 et
1839 2660 1989 2693 citandos

1804 2722 1819 2738 0
1824 2722 1841 2743 si

1804 2739 1818 2746 .-
