2313 3090
162 497 355 535 Dorotkea.
404 499 525 534 Witzw
563 503 621 535 des
658 503 760 536 julli-0
801 516 863 538 ron
901 506 1075 542 Rubam'n.
1114 509 1255 543 schenkl
1293 511 1364 544 dem
1404 512 1746 555 Aeqsastimrlfloster
1785 517 1814 548 itt
1854 517 2026 551 (ieet-1·ts‹÷l1‚

161 570 257 603 einen
279 569 477 614 jdlzrle'cleeu
509 570 590 603 Zius
622 584 682 604 ron
713 574 761 606 54
795 574 967 609 (ivos-cheu
999 578 1039 609 sm
1075 577 1183 622 Dor-fe
1215 579 1385 614 liubanem.
1420 581 1476 615 Dt.
1511 582 1676 616 Gen-isselt
1711 584 1766 618 12.
1790 586 1885 629 Sept.
1911 586 2021 621 1399.

317 675 388 726 Ad
417 697 652 728 universorum
683 701 746 729 tam
778 701 979 742 presentium
1011 710 1107 743 quam
1138 700 1323 735 futurorum
1353 707 1500 737 notitiam
1532 706 1686 739 volumus
1716 710 1905 752 pervenire
1934 708 2020 752 quod

160 764 225 798 ego
255 753 387 787 domina
418 753 589 788 Dorothea
620 756 734 790 relicta
766 758 882 791 famosi
914 762 975 792 viri
1007 759 1170 794 Gutlwnis
1201 761 1240 794 de
1271 762 1425 809 Rubeyn7
1457 764 1562 798 felicis
1585 770 1757 805 memorie„
1780 779 1817 800 ac
1839 767 2021 802 Katharina

161 813 224 848 filia
262 826 334 848 mea
374 814 521 860 legitima
559 827 688 850 necnon
726 816 877 851 Przihttm
914 819 1084 864 Lopatlika
1123 821 1162 853 de
1202 821 1370 857 Suelidola
1406 828 1536 870 meique
1567 826 1711 860 heredes
1745 832 1773 860 et
1804 839 2021 862 successores

151 868 299 920 *legitimi
329 880 445 910 tenore
474 880 678 921 presentium
710 878 838 923 publice
869 879 931 912 hoe
962 879 1165 925 profitemur.
1199 882 1280 924 Quia
1312 887 1422 918 animo
1448 885 1632 919 deliberato
1656 892 1850 933 inaturoque
1881 890 2021 923 consilio

158 938 246 970 inter
281 947 342 970 nos
380 936 554 982 prehabito
593 938 760 982 religiosis
794 952 831 973 ae
862 940 992 973 devotis
1023 940 1179 975 fratribus
1210 944 1364 978 videlieet
1395 945 1536 979 Alberto
1568 958 1625 992 pro
1657 953 1732 981 tune
1763 952 1863 994 priori
1896 953 2019 995 totique

160 1000 340 1036 conventui
379 1001 572 1032 monasterii
608 998 757 1044 Virginis
788 1000 908 1034 illibate
939 1004 1083 1036 eivitatis
1114 1002 1252 1037 Gewiez
1282 1008 1416 1051 suisque
1447 1007 1670 1042 confratribus
1700 1020 1738 1043 ac
1768 1011 2021 1044 suecessoribus

159 1059 460 1093 condescendimus
498 1064 529 1093 et
567 1063 778 1104 resignamus
813 1061 917 1095 libere
947 1067 977 1096 et
1007 1062 1157 1097 absolute
1187 1068 1423 1110 quinquaginta
1455 1072 1595 1111 quatuor
1623 1080 1765 1113 grossos
1797 1074 1867 1103 veri
1899 1082 2020 1105 census

158 1124 191 1154 et
227 1131 337 1154 annue
374 1123 545 1166 pensionis
581 1124 612 1154 in
649 1121 724 1154 villa
764 1121 918 1168 Rubeyn.
950 1135 1013 1168 que
1044 1135 1160 1158 verum
1192 1128 1293 1171 ipsius
1324 1126 1456 1161 domine
1486 1127 1658 1163 Dorotliee
1689 1130 1837 1175 predicte
1867 1136 1897 1164 et
1929 1131 2020 1175 legi-

159 1184 271 1215 timum
309 1184 421 1216 existit
451 1181 644 1224 dotalitiunn
676 1187 705 1216 et
736 1182 799 1215 hoe
830 1195 903 1217 eum
935 1196 1112 1218 consensu.
1143 1185 1313 1219 voluntate
1343 1199 1381 1220 ae
1413 1194 1500 1221 motu
1532 1193 1666 1236 proprio
1699 1190 1904 1225 Przibikonis
1935 1204 2019 1237 pre-

158 1241 226 1285 fati,
266 1245 321 1288 qui
359 1243 508 1287 ejusdem
546 1243 625 1277 ville
662 1248 690 1276 et
729 1255 848 1277 census
886 1256 1001 1287 verus„
1031 1251 1142 1279 certus
1172 1259 1211 1280 ae
1241 1248 1409 1292 legitimus
1440 1254 1688 1284 eonnnissarius
1719 1264 1793 1285 esse
1825 1252 2019 1295 dinoscitur,

158 1303 285 1337 scilicet
321 1306 353 1338 in
392 1303 520 1338 duobus
557 1304 673 1338 mediis
709 1304 825 1340 laneis.
864 1308 893 1338 in
933 1305 1051 1350 quibus
1090 1306 1254 1341 Pescliiko
1294 1313 1323 1342 et
1360 1309 1508 1343 Joanues
1545 1310 1662 1344 ibidem
1703 1312 1774 1345 laici
1814 1313 1960 1346 resident
1990 1317 2021 1346 et

157 1364 292 1410 quilibet
329 1375 444 1399 eorum
481 1366 522 1399 de
560 1365 705 1410 quolibet
742 1366 849 1399 medio
880 1366 974 1399 laneo
1004 1370 1035 1400 in
1066 1366 1151 1401 festo
1181 1372 1285 1402 saneti
1315 1369 1488 1404 Michaelis
1519 1382 1603 1405 mmc
1634 1372 1826 1405 advenienti
1858 1373 2017 1406 tredecim

156 1437 296 1472 grossos
334 1431 367 1460 et
404 1429 435 1460 in
479 1426 564 1460 festo
600 1430 706 1460 sancti
743 1426 881 1472 Georgii
919 1428 1105 1472 quindei-im
1146 1434 1175 1462 et
1215 1435 1355 1475 ‹piatuor
1392 1432 1498 1477 pullos
1528 1444 1600 1465 cum
1632 1433 1849 1478 quadraginta
1881 1437 1956 1467 ovis
1988 1438 2019 1468 in

156 1487 303 1534 quolibet
339 1489 565 1534 predictarum
605 1488 820 1522 festivitatum
859 1492 998 1521 termino
1039 1492 1168 1523 ratione
1207 1494 1278 1524 veri
1309 1502 1429 1525 census
1460 1497 1491 1525 et
1520 1504 1629 1526 annue
1660 1497 1828 1539 pensionis
1860 1494 1957 1528 debet
1988 1500 2019 1528 et

156 1560 320 1584 censuare
357 1554 498 1583 tenetur.
548 1548 654 1591 Quem
691 1550 822 1594 quidem
860 1560 995 1582 censum
1034 1561 1095 1583 una
1133 1562 1205 1584 eum
1244 1552 1337 1596 pullis
1376 1557 1407 1585 et
1436 1556 1510 1587 ovis
1540 1557 1723 1599 prenotatis
1754 1558 1831 1600 ipsis
1862 1554 2018 1589 fratribus

157 1610 457 1645 condescendimus
487 1615 518 1644 et
547 1609 653 1644 libere
682 1613 893 1654 resignamus
923 1615 954 1643 et
983 1610 1046 1644 hoe
1077 1622 1136 1656 pro
1167 1612 1316 1645 remedio
1346 1624 1385 1645 ac
1406 1613 1511 1646 salute
1533 1617 1714 1647 animarum
1738 1615 1863 1648 seilicet
1886 1615 2018 1649 domine

154 1671 328 1706 Dorothee
361 1673 430 1716 jain
471 1671 569 1715 dicte,
600 1671 758 1705 Sinilonis
795 1671 847 1704 lilii
886 1673 985 1716 ipsius
1024 1671 1173 1715 legitimi.
1215 1683 1344 1706 necnon
1382 1685 1516 1707 suornm
1553 1679 1806 1709 antecessorum
1838 1675 1956 1709 ibidem
1989 1679 2018 1709 in

156 1735 360 1767 monasterio
389 1733 612 1779 sepultorum:
644 1732 789 1766 exclusis
820 1737 928 1765 tamen
959 1732 1108 1765 emendis
1139 1736 1167 1765 et
1201 1733 1338 1776 robotis,
1369 1746 1450 1779 quas
1481 1746 1544 1779 ego
1576 1735 1740 1769 l'rzibiko.
1773 1740 1835 1769 mei
1856 1741 1911 1769 aut
1931 1749 2015 1769 sue-

157 1804 313 1828 cessores
354 1794 495 1839 legitimi
536 1794 577 1827 ab
620 1794 745 1827 eisdem
788 1794 879 1827 laicis
922 1804 981 1839 pro
1020 1792 1113 1826 nobis
1150 1794 1303 1827 volumus
1342 1806 1533 1828 reservare.
1571 1795 1641 1829 Tali
1681 1801 1788 1830 tamen
1826 1797 2016 1830 conditione

155 1855 357 1902 preinclusa‚
387 1855 474 1900 quod
504 1858 566 1901 ipsi
596 1858 760 1901 prenotati
792 1855 911 1888 l'ratres
940 1858 993 1888 aut
1025 1856 1168 1898 ipsorum
1188 1866 1405 1888 successores
1427 1867 1561 1888 censum
1584 1860 1803 1902 prescriptum
1827 1858 1867 1890 de
1889 1857 2016 1891 duolms

156 1917 272 1951 mediis
309 1916 415 1950 laneis
449 1927 489 1949 ac
526 1926 642 1949 eorum
682 1915 933 1961 possessoribus
970 1927 1032 1948 una
1069 1926 1141 1948 eum
1182 1914 1276 1960 pullis
1311 1921 1339 1948 et
1371 1919 1443 1949 ovis
1474 1920 1655 1961 prenotatis
1686 1917 1802 1950 tollere
1832 1917 1952 1951 debent
1984 1923 2013 1951 et

155 1980 331 2024 percipere
373 1977 495 2011 tamdiu
539 1977 645 2011 donee
689 1980 767 2022 ipsis
806 1976 962 2010 fratribus
999 1979 1189 2009 monasterii
1229 1979 1414 2021 pri—narrati
1450 1988 1466 2009 a
1506 1977 1611 2011 nobis.
1647 1978 1773 2011 seilicet
1803 1978 2013 2012 Przibikoue.

154 2038 336 2073 Katharina
374 2049 434 2071 seu
472 2050 489 2071 a
520 2040 642 2072 nostris
671 2037 924 2071 successoribus
954 2049 992 2069 ae
1023 2036 1199 2070 heredibus
1231 2037 1384 2073 legitimis
1415 2036 1530 2070 decem
1563 2049 1674 2070 marce
1704 2050 1898 2081 grossorum
1931 2050 2014 2085 pra-

153 2102 305 2144 gensium
345 2101 506 2132 moravici
546 2101 674 2132 numeri
709 2103 741 2132 et
776 2101 965 2143 pao'amenti
1002 2098 1144 2130 totaliter
1182 2101 1211 2129 et
1244 2100 1372 2141 integre
1403 2096 1521 2130 fuerint
1555 2099 1731 2142 pei-solute.
1771 2098 1840 2131 lloe
1870 2099 2012 2143 adjecto.

155 2160 242 2206 quod
272 2162 352 2206 ipsis
382 2158 539 2193 fratribus
568 2159 684 2193 damus
714 2163 745 2192 et¹
771 2159 985 2192 concedimus
1007 2158 1134 2203 plenam
1158 2162 1187 2189 et
1210 2157 1431 2190 omnimodam
1456 2162 1650 2202 potestatem
1673 2170 1808 2191 censum
1832 2164 2012 2192 narratum.

153 2225 187 2254 ut
223 2231 336 2267 supra,
370 2219 511 2254 habendi
551 2219 684 2253 tenendi
715 2219 905 2265 possidendi
936 2223 965 2251 et
997 2218 1199 2264 percipiendi
1231 2217 1333 2250 libere
1364 2222 1393 2249 et
1424 2221 1534 2262 quiete·
1567 2219 1698 2251 tamdiu.
1729 2219 1835 2252 donec
1865 2220 2014 2264 predicte

154 2282 270 2316 decem
301 2292 414 2315 marce
443 2292 639 2326 grossorum
670 2284 748 2326 ipsis
779 2280 934 2314 fratribus
964 2291 980 2312 a
1009 2278 1102 2312 nobis
1124 2278 1268 2311 totaliter
1290 2278 1406 2310 fuerint
1430 2279 1610 2323 persoluto.
1643 2278 1877 2313 Promittentes
1899 2286 2011 2313 nostra

155 2341 218 2376 fide
246 2347 279 2376 et
308 2341 444 2376 lionoris
474 2342 564 2376 titulo
595 2345 684 2388 ipsos
715 2342 834 2375 fratres
864 2352 964 2385 super
993 2341 1109 2373 eodem
1141 2350 1241 2372 ceusu
1274 2350 1480 2383 nequaqnam
1512 2342 1660 2384 inpetere
1692 2351 1752 2372 uec
1774 2343 1892 2385 quovis
1915 2341 2012 2373 modo

152 2403 314 2449 inpedire,
357 2403 415 2437 sed
454 2406 544 2449 ipsos
581 2406 689 2448 potius
727 2403 890 2436 adversus
927 2399 1102 2446 quemlibet
1142 2399 1351 2432 infestantem
1396 2399 1574 2431 defensare
1617 2403 1704 2432 omni
1749 2401 2012 2434 contradictione

152 2467 282 2510 penitus
318 2463 434 2510 procul
471 2468 571 2497 mota.
620 2463 654 2497 In
686 2474 763 2497 casu
802 2474 895 2496 vero.
937 2466 967 2494 nt
1004 2462 1078 2494 dum
1109 2463 1186 2505 ipsis
1217 2458 1372 2491 fratribus
1403 2459 1551 2503 predicte
1581 2459 1695 2492 decem
1727 2471 1838 2492 marre
1869 2472 1885 2493 a
1917 2460 2011 2494 nobis

153 2524 295 2559 totaliter
333 2524 453 2558 fuerint
496 2524 677 2570 pei-solute.
721 2528 843 2557 extunc
887 2525 994 2555 statim
1039 2520 1200 2554 debelumt
1241 2518 1334 2552 nobis
1374 2519 1536 2564 prelatum
1575 2531 1723 2552 censum.
1762 2525 1792 2553 ut
1832 2521 2011 2566 prefertur,

151 2587 327 2630 resignare
367 2584 534 2618 benevole
573 2590 604 2617 et
638 2584 923 2617 condescendere.
964 2587 1057 2627 prout
1098 2594 1112 2613 a
1154 2580 1246 2613 nobis
1288 2583 1375 2625 prius
1405 2585 1631 2625 acceptarunt.
1664 2581 1789 2613 literam
1822 2586 2010 2625 presentem

153 2644 304 2679 omnibus
335 2646 440 2679 modis
471 2645 613 2678 reddere
643 2650 673 2678 et
704 2649 950 2690 representare.
980 2642 1122 2688 qualibet
1146 2644 1402 2686 pertractatione
1424 2646 1452 2672 et
1476 2641 1739 2673 ‹·ont1·mli‹·ti‹me
1763 2652 1825 2674 non
1848 2641 2011 2675 obstante.
