2313 3090
1227 197 1296 230 136

328 307 357 334 et
388 302 547 348 publicari
578 303 755 336 videndum
786 302 870 335 dicta
902 303 1032 334 testium
1062 312 1121 346 per
1150 301 1271 335 dictum
1301 301 1468 334 dominum
1486 300 1659 333 Nicolaum
1690 300 1939 346 productorum,
1969 305 2002 334 et
2030 300 2190 346 publicari

326 363 505 396 videndum
544 363 605 396 alia
644 363 833 408 privilegia.
875 364 1091 394 instrumenta
1127 366 1159 395 et
1197 364 1361 395 autentica
1402 372 1514 395 coram
1553 360 1648 395 nobis
1684 361 1856 407 producta,
1892 365 1989 407 prout
2026 364 2058 394 in
2086 361 2189 394 literis

326 426 498 457 eitacionis
526 424 654 469 plenius
684 426 872 456 continetur
909 426 941 455 et
977 426 1026 456 est
1064 433 1274 468 expressum,
1315 427 1347 455 et
1385 422 1449 455 hoc
1485 422 1524 455 ad
1563 425 1689 455 certum
1729 424 1904 455 terminum
1930 424 2191 468 peremptorium

326 488 581 529 competentem.
619 484 691 524 Quo
731 483 818 516 facto
856 487 958 516 testes
994 482 1116 516 domini
1152 483 1281 517 Nicolai
1317 486 1439 516 actoris
1478 482 1617 528 predicti
1654 485 1748 515 citari
1777 482 2020 525 mandavimus,
2050 492 2191 527 quorum

326 556 388 578 sex
416 549 608 590 paruerunt.
647 544 699 577 alii
738 554 821 577 vero
860 553 980 588 parere
1019 554 1084 577 non
1113 543 1278 577 audebant
1307 548 1443 589 propter
1472 545 1667 577 minacionis
1705 542 1922 588 plebanorum
1952 542 2191 588 predictorum,

325 610 359 638 ut
380 605 518 645 dicitur3
549 604 620 637 illos
650 615 711 636 nos
742 604 912 637 reddimus
942 608 1171 638 contumaces.
1202 604 1350 637 Tandem
1382 603 1560 648 religiosus
1590 606 1642 637 vir
1671 603 1823 637 dominus
1854 601 2001 637 Thomas
2032 602 2190 648 plebanus

326 668 357 698 in
384 664 550 698 Kristano.
591 668 789 709 procurator
818 663 1011 698 substitutus
1041 675 1115 698 cuin
1145 668 1223 710 ipsis
1253 664 1391 698 testibus
1422 675 1535 697 coram
1565 664 1661 698 nobis
1690 669 1906 710 comparente
1937 661 2013 711 (sic)
2043 663 2192 709 ab‘ipsis

327 725 464 759 testibus
492 727 681 769 recepimus
710 725 898 770 corporalia
923 726 1113 769 juramenta
1142 736 1244 770 super
1272 727 1418 769 imagine
1439 723 1590 757 crucifixi
1611 725 1651 758 de
1671 727 1813 758 veritate
1835 724 1974 758 dicenda
2004 728 2037 758 et
2065 723 2130 757 hoc
2158 726 2190 757 in

326 788 567 818 contumaciam
585 787 698 830 partis,
722 787 879 830 ipsosque
908 785 1074 829 sigillatim
1095 796 1197 830 super
1217 785 1364 818 articulis
1385 788 1613 819 commissioni
1632 790 1747 819 vestre
1768 785 1903 819 inclusis
1924 787 2191 819 examinavimus

324 845 501 889 diligenter
530 849 561 878 et
591 848 738 890 ipsorum
768 845 854 879 dicta
885 849 1112 891 uniuscunque
1142 848 1333 879 nominatim
1364 857 1403 879 ac
1432 845 1590 891 specifice
1619 849 1651 879 in
1681 849 1813 891 scriptis
1841 845 1986 879 redactis
2007 845 2191 879 eorundem

324 906 408 938 dicta
437 909 567 939 testium
598 905 808 951 presentibus
837 906 963 940 inclusa
994 918 1057 940 una
1087 918 1161 940 cum
1182 907 1253 940 aliis
1274 906 1443 952 productis
1464 906 1573 951 sigillo
1594 917 1669 940 meo
1690 906 1802 940 clausa
1831 906 2042 952 presentibus
2071 910 2188 939 trans—

323 969 479 1000 mittimus
508 977 568 1011 per
595 966 757 1000 Jacobum
780 967 820 1000 de
850 966 960 1000 Bruna
989 970 1155 1001 notarium
1186 967 1400 1001 antedictum.
1430 966 1551 1000 Datum
1572 969 1605 1000 in
1633 966 1860 1012 Mezyrzyecz
1881 977 1968 1000 anno
1986 966 2110 1000 domini
2127 970 2191 1000 etc·

323 1026 543 1060 LXXXXIII.
574 1027 626 1060 die
655 1026 767 1061 XVIII
797 1030 921 1061 mensis
949 1027 1038 1061 Maii.

636 1131 709 1166 (Aus
735 1133 796 1158 dem
823 1132 900 1165 orig.
924 1132 952 1157 in
978 1133 1027 1157 der
1051 1132 1246 1158 Bocek'scheu
1272 1132 1330 1166 sig.
1356 1142 1383 1159 n.
1411 1133 1492 1157 3116
1517 1132 1553 1157 im
1578 1132 1669 1159 malir.
1695 1132 1975 1166 Laudes-Archive.)

1205 1287 1308 1324 148.

324 1365 399 1398 Der
440 1365 655 1399 Obrowz'tz-ei·
690 1365 761 1399 Abt
796 1366 982 1399 Jaroslaus
1017 1365 1219 1410 beauftrayt
1252 1365 1316 1398 den
1352 1364 1516 1398 Declmnt
1550 1376 1616 1398 von
1662 1365 1809 1408 Tassau,
1854 1364 1974 1410 Stach,
2018 1365 2086 1398 und
2129 1365 2193 1398 den

325 1425 470 1470 Psarrer
497 1437 564 1459 von
595 1426 749 1463 Μεείῥίῥς
788 1425 939 1469 Wenzel„
977 1427 1058 1459 class
1087 1428 1138 1459 sie
1167 1426 1221 1459 (lie
1252 1426 1399 1469 Pfarrer
1428 1425 1576 1466 Bokdal,
1607 1425 1720 1459 Janlco
1750 1429 1813 1459 etc.
1845 1436 1908 1459 vor
1935 1426 2010 1459 sein
2051 1424 2190 1459 Gericlzt

505 1488 627 1520 ciliren
657 1488 725 1520 emd
753 1487 962 1520 bestimmten
992 1486 1132 1530 Zenqen
1162 1486 1218 1520 die
1247 1486 1417 1519 eidliclten
1446 1486 1633 1530 Aassaqen
1662 1486 1852 1520 almekmen
1881 1485 2001 1520 sollen.

955 1547 1015 1582 Dt.
1049 1547 1221 1581 Obrowilz-
1251 1547 1310 1581 21.
1343 1547 1419 1581 Mai
1450 1547 1558 1581 1393.

477 1623 671 1678 Jarostaus
711 1647 933 1678 miseracione
963 1644 1073 1677 divina
1105 1643 1207 1677 abbas
1238 1647 1430 1677 monasterii
1460 1643 1557 1677 beate
1586 1643 1692 1677 Marie
1722 1645 1863 1688 virginis
1892 1641 2187 1676 Zabrdowicensis

323 1709 384 1738 etc.
420 1704 527 1748 judex
565 1709 597 1738 et
634 1709 856 1738 conservator
891 1709 1072 1751 perpetuus
1104 1706 1226 1748 jurium
1267 1709 1297 1737 et
1334 1705 1587 1750 privilegiorum
1618 1703 1861 1738 honorabilium
1892 1707 1923 1737 et
1951 1702 2187 1748 religiosorum

322 1768 470 1798 virorum
502 1765 711 1799 dominorum
741 1768 891 1810 magistri
921 1770 953 1799 et
981 1765 1120 1799 fratrum
1151 1765 1275 1799 ordinis
1305 1765 1549 1799 cruciferorum
1580 1764 1751 1811 hospitalis
1781 1766 1886 1798 sancti
1906 1762 2070 1797 Johannis
2085 1762 2193 1796 Jero-

322 1826 498 1859 solimitani
530 1854 536 1860 .
570 1854 576 1860 .
609 1855 614 1860 .
648 1854 654 1859 .
692 1826 813 1859 dudum
852 1838 870 1860 a
908 1825 988 1860 sede
1027 1826 1209 1872 apostolica
1248 1827 1438 1872 specialiter
1476 1826 1663 1871 deputatus,
1688 1823 1937 1859 honorabilibus
1976 1828 2009 1858 et
2037 1823 2190 1857 discretis

324 1889 405 1920 viris
435 1887 576 1920 dominis
606 1886 767 1921 Stachoni
797 1887 924 1921 decano
965 1886 1230 1932 Thassowyensi
1270 1898 1401 1920 necnon
1430 1886 1637 1920 Wenceslao
1658 1889 1689 1920 in
1708 1885 1936 1931 Mezyrzyecz
1956 1883 2099 1930 plebano
2122 1910 2129 1916 .
2153 1911 2159 1917 .
2184 1910 2190 1916 .

323 1948 461 1981 salutem
500 1950 530 1981 in
571 1948 704 1981 domino
734 1951 970 1994 sempiternam
1002 1952 1033 1981 et
1062 1948 1224 1981 mandatis
1260 1951 1383 1981 nostris
1412 1951 1477 1981 imo
1507 1950 1622 1982 verius
1651 1946 1842 1993 apostolicis
1871 1945 2010 1979 firmiter
2038 1944 2188 1988 obedire,

322 2007 484 2053 vobisque
515 2011 546 2041 in
575 2011 699 2042 virtuto
737 2013 853 2042 sancto
890 2007 1087 2042 obediencie
1125 2013 1157 2041 et
1194 2008 1253 2042 suh
1293 2011 1658 2042 excommunicacionis
1694 2018 1778 2053 pena
1810 2035 1816 2040 .
1850 2034 1856 2040 .
1888 2034 1895 2041 .
1928 2034 1933 2040 .
1965 2017 2039 2040 cum
2069 2005 2189 2040 effectu

321 2069 468 2102 districte
504 2069 720 2114 precipiendo
760 2068 953 2103 mandamus
991 2071 1187 2102 auctoritate
1226 2069 1371 2114 predicta
1410 2069 1606 2115 apostolica,
1636 2079 1734 2114 quam
1764 2070 1999 2101 committimus
2028 2077 2087 2113 pro
2127 2065 2189 2100 hac

322 2132 408 2172 vice„
439 2134 601 2175 quatenus
631 2133 709 2163 mox
739 2129 848 2163 habita
879 2133 1090 2176 presencium
1120 2133 1240 2163 noticia
1271 2134 1303 2163 ct
1332 2133 1477 2176 receptis
1505 2129 1732 2176 posicionibus
1762 2133 1791 2163 et
1821 2128 1967 2162 articulis
1996 2138 2056 2174 pro
2094 2131 2189 2173 parte

321 2190 469 2234 religiosi
508 2190 620 2224 fratris
644 2191 766 2224 domini
804 2190 932 2224 Nicolai
962 2193 1104 2224 rectoris
1134 2195 1166 2223 et
1194 2190 1325 2236 plebani
1355 2191 1500 2224 ecclesie
1529 2193 1634 2224 sancti
1663 2192 1797 2236 spiritus
1826 2192 1858 2223 in
1886 2188 2034 2234 Antiqua
2063 2187 2187 2230 Bruna„

321 2252 397 2285 dieti
427 2251 552 2285 ordinis
588 2251 830 2285 cruciferorum
861 2251 956 2286 nobis
985 2251 1105 2285 dudum
1130 2251 1333 2295 judicialiter
1361 2263 1421 2297 per
1449 2255 1702 2297 procuratorem
1732 2253 1834 2296 ipsius
1863 2249 2044 2283 Henricum
2074 2258 2188 2282 eoram

323 2315 451 2345 notario
489 2312 620 2358 publico
646 2318 761 2347 nostro
799 2312 1053 2358 huiusmodiquc
1092 2323 1193 2345 cause
1229 2324 1287 2345 seu
1317 2324 1492 2346 causarum
1523 2323 1636 2346 coram
1666 2311 1761 2345 uobis
1791 2310 1913 2354 scriba,
1943 2315 1976 2344 et
2004 2308 2100 2344 nobis
2128 2319 2189 2355 pro

321 2371 473 2406 tribunali
512 2373 704 2407 sedentibus
743 2378 858 2407 eontra
897 2378 930 2407 et
965 2373 1130 2407 adversus
1166 2373 1330 2406 discretos
1368 2376 1461 2406 viros
1500 2371 1684 2406 Bohdaluin
1715 2372 1755 2405 dc
1784 2370 1998 2405 theotonicali
2027 2368 2188 2416 Kynhest,

321 2432 508 2466 Jankonem
539 2433 578 2466 dc
609 2433 813 2477 Bobrowlia,
845 2433 1067 2468 Michahelem
1098 2434 1138 2467 de
1169 2434 1318 2466 inferiori
1349 2433 1528 2467 Bobrowia
1559 2445 1598 2466 ac
1628 2431 1811 2476 Georgium
1843 2431 1883 2464 de
1921 2429 2035 2465 Obecz
2070 2429 2188 2463 eccle-

320 2495 443 2526 siarum
473 2493 632 2538 plebanos
662 2499 693 2528 ct
722 2499 885 2537 rectores,
915 2505 1005 2537 reos,
1035 2499 1129 2540 partc
1158 2505 1202 2527 ex
1231 2494 1334 2527 altera
1364 2493 1494 2536 obtatis,
1520 2496 1599 2539 ipsis
1620 2492 1767 2539 partibus
1788 2491 1944 2537 predictis
1967 2494 2022 2524 aut
2041 2493 2188 2536 ipsorum

321 2553 477 2597 legitimis
516 2555 788 2599 procuratoribus
827 2557 858 2588 in
896 2557 1000 2588 vestri
1025 2558 1236 2601 presenciam
1275 2555 1314 2588 ad
1354 2557 1529 2588 terminum
1561 2557 1795 2599 conpetentem
1827 2554 1934 2585 citatis
1963 2555 1996 2584 ct
2024 2552 2187 2593 evocatis,

322 2618 373 2646 aut
414 2614 515 2646 altera
547 2616 729 2648 earundum
760 2618 907 2661 parcium
946 2626 1006 2661 per
1044 2618 1286 2649 contumaciam
1313 2615 1463 2657 absente,
1502 2627 1519 2648 a
1558 2619 1652 2660 parte
1692 2617 1848 2659 presente
1881 2614 2108 2656 juramentum
2147 2610 2188 2644 de

322 2674 507 2719 calumpnia
546 2679 578 2707 et
615 2675 654 2708 de
691 2679 833 2709 veritate
871 2676 1010 2710 dicenda
1049 2687 1149 2722 super
1188 2676 1374 2710 huiusmodi
1413 2675 1686 2710 attestacionibus
1724 2675 1892 2720 recipiatis
1930 2677 1962 2706 et
2000 2671 2188 2706 huiusmodi
