2313 3090
1125 227 1149 228 Π
1183 173 1257 208 406

1172 331 1280 366 453.

285 410 398 443 Adam
438 421 502 443 ron
542 410 784 443 Mlmlenam‘tz
822 409 965 452 ert-tart,
1006 410 1087 443 dass
1126 421 1164 443 er
1203 410 1276 443 dem
1315 409 1469 444 Priesler
1506 410 1652 455 Johnnu,
1688 411 1783 445 Solm
1814 412 1873 445 des
1902 411 2067 445 Andreas
2096 423 2160 446 aus

441 470 604 505 Jamm'lz.
638 470 684 503 18
716 470 852 504 Selmelc
882 470 1017 514 Prayer
1049 470 1224 504 Grosdaen
1254 470 1410 515 sclmldiy
1439 473 1500 506 sei.
1532 471 1590 506 Dt.
1623 472 1681 507 16.
1709 472 1869 506 Februar
1891 471 2001 506 1398.

442 546 670 599 Constitutus
701 566 925 611 personaliter
955 577 1069 599 coram
1099 565 1196 600 nobis
1217 565 1371 600 ,Iohanne
1392 566 1477 601 Kbel
1499 567 1633 602 officiali
1655 574 1687 603 et
1705 572 1787 603 actis
1807 571 1931 603 nostris
1951 568 2159 614 obligatoriis

286 626 393 661 Adam
425 627 528 660 laicus
559 627 599 661 sle
629 627 877 661 Mladenowicz
909 626 1062 661 Olomuc.
1094 627 1179 661 dioc.
1211 638 1278 661 non
1307 628 1499 674 conpulsus,
1528 640 1591 663 nec
1611 635 1760 668 coactus,
1781 629 1841 664 sed
1862 634 1982 676 sponte
2002 634 2034 664 et
2054 629 2160 671 libere

285 688 462 722 confessus
501 693 551 722 est
588 692 620 721 et
658 690 862 733 recognovit
897 699 933 721 se
973 691 1080 721 teneri
1119 692 1151 721 et
1187 687 1352 722 debitorie
1390 688 1571 736 [obligari]
1602 701 1662 736 pro
1692 690 1833 735 quadam
1864 689 2053 724 hereditate
2081 694 2160 736 aput

285 748 473 782 Johannem
511 748 652 782 Andree
692 748 733 782 de
768 747 955 794 Jempniez,
996 749 1156 783 clericum
1193 750 1343 783 eiusdem
1379 749 1464 784 dioc.
1496 749 1637 797 (empta)
1666 754 1772 797 ipsum
1802 750 1993 785 Johannem
2022 754 2160 785 racione

284 813 425 854 paterne
463 812 634 855 porcionis
671 814 913 852 concernente,
952 812 983 843 in
1020 809 1133 843 XVIII
1172 821 1293 855 sexag.
1332 822 1422 856 grss.
1462 822 1557 857 prag.
1597 813 1705 846 eidem
1735 811 1881 846 Johanni
1910 812 2047 856 clerico,
2078 823 2159 858 quas

285 870 406 904 eidem‘
424 871 562 905 solvere
592 873 744 916 promisit
772 873 806 905 in
836 870 923 905 festo
953 873 1059 905 sancti
1089 871 1286 906 Wenceslai
1315 874 1469 917 proxime
1498 877 1641 907 venturo
1671 873 1731 907 sub
1760 884 1846 919 pena
1877 876 2160 908 excommunica—

285 934 403 967 cionis.
434 942 471 965 se
500 932 707 965 iurisdicioni
739 935 853 965 nostre
882 936 1001 978 sponte
1030 931 1254 966 submittendo
1285 935 1315 965 in
1346 931 1408 966 hac
1438 936 1542 978 parte.
1574 934 1660 967 Acta
1691 938 1767 968 sunt
1797 933 1898 979 (hec)
1926 945 2014 968 anno
2035 934 2160 969 domini

283 991 669 1026 MOCCCLXXXXVHI
707 993 760 1026 die
798 992 878 1026 XVI
914 995 1039 1027 mensis
1069 992 1256 1034 Februarii,
1288 992 1500 1039 presentibus
1530 994 1669 1028 Andrea
1700 995 1740 1028 de
1769 994 1962 1041 LompniCZ,
1991 994 2090 1030 Petro
2120 995 2160 1029 de

284 1052 428 1098 Pyeska.
459 1051 645 1087 Benakone
675 1053 716 1086 de
745 1052 899 1099 Byelina,
934 1053 1079 1087 Martino
1108 1053 1218 1088 iudice
1247 1054 1400 1088 similiter
1429 1055 1470 1089 de
1497 1054 1780 1103 Mladtsse]n0wiez
1811 1055 1964 1090 Olomuc.
1995 1056 2082 1092 dioc.

598 1159 673 1196 (Ans
698 1159 761 1184 dem
786 1159 850 1184 Lib.
876 1158 1001 1191 Obligat,
1025 1159 1064 1185 II.
1092 1160 1138 1188 1⁴2,
1163 1159 1213 1187 fol.
1242 1161 1299 1186 187
1326 1161 1363 1186 'nn
1388 1161 1496 1195 Prager
1519 1161 1966 1196 Metropol.-Capitel-Arehive.)

1170 1263 1278 1299 454.

286 1339 363 1373 Das
396 1339 571 1373 Olmmzer
603 1340 741 1385 Capitel
769 1340 911 1381 erlehe-t,
941 1341 1004 1374 den
1034 1340 1248 1385 Stam'slaus,
1279 1341 1375 1376 Solm
1402 1343 1460 1377 cles
1484 1343 1657 1377 Olm‘e‘t‘tz-er
1680 1344 1835 1389 Bicrqers
1856 1344 1971 1389 Peter,
1990 1345 2160 1390 yeleqen-

748 1401 889 1435 lzeitlicla
919 1413 960 1435 zu
990 1401 1188 1446 befordern.
1221 1402 1278 1437 Dt.
1309 1404 1368 1438 22.
1400 1403 1559 1438 Febrnar
1589 1404 1700 1439 1398.

442 1476 530 1531 Nos
561 1497 720 1531 Andreas
750 1498 909 1537 decanus,
940 1497 1114 1532 Johannes
1143 1502 1345 1545 prepositus,
1374 1499 1536 1534 Artlebus
1560 1505 1593 1534 et
1613 1504 1775 1546 magister
1795 1501 1968 1537 Sanderus
1989 1504 2161 1548 ceterique

285 1560 439 1591 canonici
479 1558 726 1592 Olomucenses
765 1569 825 1604 pro
856 1563 933 1592 tunc
962 1559 1140 1605 capitulum
1171 1559 1334 1594 facientes
1363 1565 1480 1595 tenore
1509 1565 1721 1607 presencium
1751 1565 2044 1607 recognoscimus,
2076 1562 2163 1609 quod

286 1618 509 1653 consideratis
549 1618 702 1653 fidelihus
735 1622 902 1661 serviciis,
934 1631 998 1665 que
1028 1620 1171 1654 devotus
1201 1625 1316 1655 noster
1344 1621 1477 1666 Paulus,
1507 1625 1591 1657 civis
1622 1622 1868 1668 olomucensis,
1898 1623 1995 1658 nobis
2024 1623 2104 1658 fecit
2132 1627 2164 1658 et

286 1679 365 1712 facit
403 1680 537 1713 cottidie
576 1683 609 1713 in
645 1680 806 1726 pistandis
846 1680 985 1726 panibus
1021 1684 1157 1723 nostris,
1198 1686 1229 1715 et
1263 1685 1422 1729 precipue
1452 1682 1570 1717 fiducia
1601 1688 1634 1718 et
1664 1684 1862 1728 dileccione‚
1895 1696 1977 1730 quas
2006 1687 2095 1731 gerit
2122 1684 2162 1719 ad

286 1751 347 1774 nos
377 1745 406 1774 et
439 1740 617 1774 ecclesiam
649 1745 796 1775 nostram
831 1741 1093 1776 Oloniucensem
1123 1753 1175 1785 eo,
1208 1743 1295 1789 quod
1326 1746 1397 1789 ipse
1426 1743 1513 1777 bona
1544 1748 1575 1778 et
1598 1744 1704 1778 libera
1726 1745 1899 1779 voluntate
1920 1745 2044 1780 dimisit
2063 1756 2162 1781 unam

286 1812 495 1847 sexagenarii
533 1813 744 1847 grossorum„
785 1814 883 1848 quam
924 1814 983 1848 pro
1014 1803 1125 1848 lignis,
1157 1809 1190 1838 et
1219 1804 1301 1838 duos
1332 1804 1462 1839 modios
1492 1808 1604 1848 tritici,
1635 1817 1719 1851 quos
1747 1805 1929 1852 pistoribus
1958 1807 2044 1841 ultra
2075 1817 2164 1841 con-

286 1866 415 1895 suetum
446 1865 595 1908 precium
627 1874 687 1909 pro
717 1862 888 1897 laboribus
918 1867 986 1898 suis
1017 1865 1098 1899 dare
1129 1868 1381 1907 consuevimus,
1412 1865 1595 1911 prehabitis
1626 1865 1877 1901 deliberacione
1907 1871 1939 1901 et
1968 1867 2110 1902 consilio
2130 1870 2163 1902 in

285 1927 401 1956 nostro
439 1924 591 1968 generali
632 1924 776 1970 capitulo
814 1924 1078 1960 deliberavimus
1109 1931 1141 1960 et
1170 1929 1386 1972 concepimus
1415 1926 1517 1960 filium
1548 1927 1697 1961 eiusdem
1728 1927 1818 1961 Pauli
1848 1927 2033 1963 Stanitaum
2063 1927 2163 1975 (sic),

287 1995 385 2029 quem
417 1984 523 2029 diligit
552 1988 697 2027 unicum,
729 1997 803 2019 cuin
835 1985 976 2020 facultas
1007 1998 1043 2020 se
1069 1987 1241 2031 obtulerit,
1271 1998 1476 2034 promovere
1506 1992 1537 2021 et
1566 1988 1607 2021 de
1632 1991 1736 2034 ipsius
1757 1992 1977 2034 proniocione
1997 1992 2162 2035 cogitare,

287 2050 382 2091 prout
414 2045 510 2079 nobis
541 2049 750 2080 concesserit
779 2049 893 2080 oriens
924 2058 967 2081 ex
997 2048 1074 2082 alto.
1107 2048 1180 2090 Que
1209 2054 1346 2095 propter
1375 2052 1571 2082 memoriam
1602 2050 1777 2083 meliorem
1808 2049 1909 2084 scribi
1931 2049 2163 2085 mandavimus

288 2106 326 2139 ad
358 2105 473 2139 librum
505 2111 666 2141 nostrum.
698 2107 819 2141 Datum
850 2119 937 2142 auno
969 2109 1092 2143 domini
1124 2109 1299 2144 millesimo
1331 2112 1570 2144 trecentesimo
1600 2113 1821 2155 nonagesimo
1852 2115 1986 2152 octavo,
2016 2113 2048 2145 in
2078 2110 2164 2146 festo

288 2166 453 2200 kathedrc
483 2170 588 2201 sancti
620 2167 706 2201 Petri
736 2171 893 2214 principis
924 2170 1166 2215 apostolorum.

602 2246 675 2281 (Ans
700 2248 761 2272 (lein
789 2248 883 2273 (701th
911 2249 941 2273 1⁴1.
968 2250 988 2273 I.
1016 2250 1054 2274 4«)
1080 2250 1129 2275 d‹·s
1155 2250 1228 2276 (itm.
1256 2249 1653 2284 Metu-Capitel-Arcliives.)

1176 2361 1283 2398 455.

290 2434 440 2473 ‚lasanum
476 2436 620 2482 Bis-elios
647 2450 711 2471 ron
747 2438 891 2481 Ulmetlz«,
920 2443 1084 2483 yeslattet
1113 2440 1185 2473 (lem
1214 2439 1325 2473 Auden
1356 2439 1481 2473 Nat-(m
1508 2440 1581 2473 sicle
1611 2442 1644 2473 ιίι
1676 2441 1855 2475 lsremsier
1882 2442 2165 2476 niederzulassen

405 2498 471 2529 und
500 2500 612 2531 m'lmul
643 2499 697 2531 itm
730 2501 761 2532 ιή
791 2502 907 2533 senten
938 2500 1153 2533 lwsondereu
1182 2500 1324 2534 Sclmtz.
1357 2500 1414 2534 Dc.
1449 2501 1627 2535 li'remsier
1657 2502 1715 2536 22.
1748 2502 1909 2536 Febr-aar
1940 2501 2050 2537 1398.

448 2573 534 2626 ,κως
571 2594 743 2628 Joliannes
782 2596 832 2628 dei
864 2599 978 2640 gracia
1010 2599 1187 2641 episcopus
1219 2596 1455 2631 Olomucensis
1487 2602 1604 2631 tenore
1635 2602 1848 2644 presencium
1878 2604 1992 2633 notum
2023 2599 2163 2633 facimus

291 2655 467 2686 universis.
519 2655 612 2695 Quod
658 2660 794 2701 propter
838 2656 1023 2702 profectum
1068 2661 1097 2689 et
1137 2657 1310 2690 utilitatem
1350 2670 1485 2692 camere
1524 2663 1638 2693 nostre
1672 2659 1786 2694 Nasan
1811 2660 1949 2704 judeum
1980 2664 2013 2694 et
2041 2659 2160 2694 Saram
