2313 3090
1228 202 1276 236 88

322 315 524 344 sanctarum.
555 322 635 356 quas
660 322 772 344 secum
795 310 958 343 deferunt.
990 319 1062 341 cum
1084 310 1302 353 processione
1323 310 1353 339 et
1379 311 1454 340 cetu
1483 305 1570 340 fideli
1591 306 1715 340 eisdem
1737 309 1933 342 occurratis.
1963 307 2182 350 suscipientes

324 373 355 403 in
384 374 517 404 nomine
547 371 668 404 domini
698 374 729 404 in
760 373 895 403 caritati·
925 380 997 402 cum
1029 368 1138 401 debito
1169 367 1298 401 honore
1328 372 1359 401 et
1388 370 1477 413 ipsos
1507 366 1648 400 honeste
1677 377 1714 400 ac
1744 366 1952 400 laudabiliter
1980 368 2065 399 sicut.
2089 365 2185 399 decet

324 434 492 464 ministros
521 431 572 464 dei
602 434 632 464 in
663 430 812 464 domibus
847 432 968 463 vestris
997 433 1252 474 pertractantes,
1291 428 1390 462 nichil
1419 427 1460 461 ab
1490 431 1538 462 eis
1567 428 1650 462 ultra
1679 427 1867 461 voluntarie
1888 426 2032 461 oblatum
2061 430 2184 472 postu-

324 491 429 524 lantes
458 502 521 524 nec
550 494 580 524 in
611 492 718 535 aliquo
749 494 795 523 eis
826 489 956 523 molesti
986 492 1158 531 existatis3
1187 500 1263 523 nam
1293 485 1453 534 quidquid*
1478 491 1671 523 reverentie
1700 493 1754 521 aut
1782 487 1919 521 honoris
1948 489 2027 532 ipsis
2047 490 2184 532 impen-

324 552 437 586 deritis
467 552 562 585 nobis
591 556 781 597 reputamus
811 549 884 583 fore
914 549 1047 583 factum.
1104 549 1211 583 Etiam
1242 561 1315 583 cum
1345 560 1406 595 per
1435 560 1493 583 eos
1522 551 1670 594 requisiti
1700 547 1840 586 fueritis,
1884 558 1942 581 eos
1971 548 2011 582 ad
2040 549 2184 581 vicinam

323 612 515 658 parochiam
556 613 671 645 deduci
709 611 802 644 salva
840 621 923 656 pace
961 612 1159 655 procuretis.
1217 609 1439 644 Concedimus
1477 612 1575 643 etiam
1606 612 1684 654 ipsis
1722 607 1995 654 procuratoribus
2024 611 2186 653 quotquot

325 673 420 706 electi
450 673 569 706 fuerint
599 677 627 705 et
660 674 749 704 missi
778 673 900 704 virtute
930 673 1133 716 presentium
1163 673 1394 704 auctoritatem
1424 674 1584 713 nostram,
1614 672 1712 703 etiam
1741 672 1773 703 in
1803 668 1934 703 casibus
1954 668 2050 702 nohis
2074 679 2092 702 a
2112 671 2184 702 iure

326 736 506 766 reservatis
548 732 699 765 homines
742 734 912 776 utriusque
956 741 1058 764 sexus
1101 733 1148 765 eis
1191 730 1388 765 confitentes
1430 730 1626 764 absolvendi
1667 735 1699 764 et
1740 732 1938 776 penitentias
1993 728 2185 773 ininugendi

325 793 497 826 salutares.
542 797 619 825 vota
649 802 732 825 vero
762 793 1056 837 peregrinationis,
1101 790 1329 835 abstinentias,
1372 795 1509 837 peccata
1540 790 1652 834 oblita,
1682 791 1886 825 offensiones
1913 794 2088 836 parentum
2119 799 2184 822 non

325 854 362 886 ad
394 853 587 887 effusionem
618 855 799 897 sanquinis‚
830 854 1028 897 penitentias
1058 863 1123 886 non
1153 852 1301 887 studiose
1321 851 1506 897 neglectas,
1537 856 1634 898 prout
1653 856 1767 886 nostra
1787 853 1986 897 permittitur
2006 852 2185 884 auctoritos

326 913 535 959 dispensandi
575 918 628 946 aut
668 916 699 946 in
736 912 797 946 alia
836 915 967 958 pictatis
1006 924 1109 958 opera
1147 913 1383 947 commutandi.
1439 913 1546 947 Etiam
1577 924 1651 946 cum
1682 911 1866 958 expediens
1906 911 2004 945 fuerit
2041 910 2185 944 ecclesie

324 979 437 1007 nostre
468 973 700 1007 Olomucensis
724 973 874 1019 predicte
903 973 985 1007 alios
1015 973 1233 1019 subrogandi,
1264 977 1317 1019 qui
1347 974 1553 1008 consimilem
1588 972 1757 1008 habebunt
1785 975 2016 1006 auctoritatem
2047 971 2186 1005 durante

325 1037 459 1079 negotio
503 1034 679 1067 antedicto.
737 1033 787 1067 Ne
826 1038 934 1068 autem
973 1032 1206 1080 sollempnium
1246 1035 1433 1068 divinorum
1477 1034 1609 1068 defectu
1639 1045 1698 1068 seu
1727 1034 1836 1079 aliquo
1865 1032 2103 1079 impedimento
2131 1031 2187 1066 vel

325 1098 502 1128 occasione
541 1097 671 1128 sinistra
712 1094 855 1128 fidelium
894 1095 1029 1129 devotio
1068 1107 1086 1128 a
1115 1094 1286 1129 salutifera
1317 1095 1392 1128 dicti
1422 1097 1548 1139 negotii
1577 1094 1685 1128 debita
1715 1097 1909 1139 receptione
1939 1097 1971 1126 et
1998 1092 2185 1126 inherentia

325 1155 557 1200 quoquomodo
596 1155 809 1191 distrahatur,
846 1155 1000 1189 volumus
1038 1161 1069 1189 et
1108 1156 1297 1202 specialiter
1335 1155 1550 1189 concedimus
1589 1159 1619 1188 et
1649 1154 1871 1199 indulgemus.
1910 1153 1997 1199 quod
2026 1153 2186 1195 silenus,

324 1219 353 1249 in
385 1227 448 1261 quo
478 1220 627 1249 sanctum
657 1216 776 1249 dictum
806 1219 976 1260 negotium
1007 1216 1173 1261 agendum
1203 1215 1314 1259 fuerit,
1344 1221 1457 1250 nostre
1486 1227 1544 1249 seu
1574 1218 1692 1249 vicarii
1712 1214 1863 1249 officialis
1882 1214 1939 1248 vel
1958 1214 2187 1258 delegatorum

324 1281 376 1310 aut
407 1277 544 1310 aliorum
575 1276 768 1310 inferiorum
799 1281 988 1311 nostrorum
1029 1280 1226 1311 auctoritate
1264 1277 1495 1311 ecclesiastico
1534 1276 1706 1310 subiaceat
1743 1275 1928 1319 interdicto,
1970 1277 2002 1308 in
2042 1274 2188 1308 adventu

323 1340 510 1371 nuntiorum
546 1337 770 1383 predictorum
802 1338 888 1383 quod
919 1337 1106 1372 huiusmodi
1135 1338 1275 1372 durante
1304 1337 1425 1372 ibidem
1455 1341 1592 1382 negotio
1622 1341 1654 1371 et
1682 1339 1824 1371 statione
1852 1336 2024 1370 dumtaxat
2061 1340 2093 1369 et
2122 1345 2188 1369 non

323 1399 407 1431 ultra
437 1399 546 1432 divina
577 1401 694 1444 peragi
711 1398 857 1432 valeant.
889 1398 1080 1432 relaxamus
1109 1399 1292 1433 interdictis
1322 1403 1354 1433 et
1383 1401 1682 1433 excommunicatis
1712 1397 1871 1440 exclusis,
1901 1408 1941 1430 ac
1960 1395 2188 1442 sollempniter

323 1459 498 1493 celebrari.
528 1459 691 1493 Volumus
730 1461 827 1492 etiam
867 1463 898 1492 et
928 1459 1134 1493 mandamus
1170 1459 1256 1505 quod
1287 1471 1351 1505 que
1380 1471 1440 1505 per
1469 1470 1527 1493 eos
1557 1459 1691 1492 dimissa
1721 1458 1843 1492 fuerint
1871 1468 1910 1490 ac
1938 1459 2103 1503 promissa
2133 1456 2188 1490 vel

322 1520 438 1553 relicta
467 1532 483 1553 a
514 1519 665 1553 fidelibus
694 1522 725 1553 in
756 1524 955 1554 testamento
985 1520 1070 1566 apud
1100 1531 1161 1554 vos
1190 1520 1246 1554 vel
1274 1519 1372 1554 vobis
1402 1523 1581 1554 commisso
1610 1530 1670 1565 per
1699 1518 1849 1561 eosdem,
1879 1517 1965 1563 quod
1989 1527 2027 1550 ea
2048 1516 2188 1551 fideliter

323 1581 498 1626 colligatis,
529 1581 667 1615 collecta
698 1584 842 1615 servetis
873 1581 1050 1626 diligenter
1080 1586 1110 1615 et
1131 1581 1171 1615 ad
1192 1583 1443 1626 requisitionem
1465 1592 1580 1614 eorum
1602 1584 1657 1613 aut
1677 1579 1808 1625 capituli
1829 1581 1933 1613 nostri
1955 1577 2187 1612 Olomucensis

324 1653 362 1674 ea
383 1645 567 1688 presentari
589 1642 718 1675 faciatis
740 1642 793 1676 tali
815 1641 972 1676 fidelitate
992 1642 1022 1676 el
1042 1645 1246 1687 integritate,
1277 1640 1393 1687 quibus
1415 1653 1432 1674 a
1453 1641 1516 1675 deo
1538 1641 1738 1685 condignam
1760 1642 1897 1685 queritis
1922 1638 2186 1672 retributionem.

322 1702 484 1736 Volumus
523 1705 619 1736 etiam
660 1708 691 1736 et
730 1702 940 1748 presentibus
978 1703 1185 1746 mandamus,
1225 1703 1311 1748 quod
1351 1702 1426 1736 dum
1465 1702 1596 1748 capituli
1635 1703 1740 1735 nostri
1768 1703 1871 1734 nuntii
1901 1699 2045 1734 ecclesie
2073 1703 2188 1732 nostre

324 1763 555 1797 (llomucensis
595 1775 711 1797 omnes
749 1766 909 1809 petitores
948 1763 1042 1807 alios,
1082 1762 1199 1809 quibus
1238 1763 1388 1797 dedimus
1426 1763 1540 1796 literas
1579 1766 1710 1796 nostras
1750 1761 1959 1795 mendicandi
1987 1763 2020 1794 in
2049 1759 2188 1804 singulis

322 1824 415 1857 locis.
456 1824 572 1869 quibus
601 1828 682 1858 istos
712 1824 774 1858 illis
804 1824 957 1858 volumus
987 1824 1159 1861 anteferri,
1190 1835 1232 1858 ne
1262 1829 1374 1857 mutuo
1404 1834 1571 1858 concursu
1601 1834 1637 1857 se
1667 1822 1847 1868 impediant
1875 1825 1907 1854 et
1935 1819 2126 1855 scandalum
2157 1821 2188 1852 iu

323 1885 444 1930 populo
474 1888 680 1930 gigneretur.
711 1884 751 1918 Et
782 1888 812 1919 iu
842 1888 1014 1931 premissis
1044 1889 1075 1919 et
1091 1884 1237 1930 quolibet
1258 1887 1496 1931 premissorum
1520 1895 1581 1918 vos
1602 1884 1641 1917 ad
1663 1883 1792 1917 laudem
1814 1882 1963 1916 altissimi
1988 1880 2186 1915 exhibentes

325 1946 490 1979 studiosos
531 1951 627 1992 prout
657 1946 697 1979 de
728 1946 895 1980 obedienti
925 1946 1095 1991 diligentia
1125 1946 1298 1980 volueritis
1328 1945 1566 1979 commendari.
1623 1944 1663 1979 Et
1693 1948 1724 1977 ut
1755 1943 1877 1977 Christi
1907 1941 2034 1979 fideles.
2065 1944 2118 1987 qui
2149 1940 2189 1974 de

324 2004 418 2039 bonis
454 2018 470 2039 a
508 2007 570 2040 deo
609 2008 737 2041 collatis
776 2007 815 2041 ad
855 2010 956 2053 ipsius
995 2007 1139 2041 ecclesie
1177 2012 1291 2041 nostre
1326 2006 1559 2040 Olomucensis
1598 2016 1714 2039 manus
1753 2004 1932 2038 adiutrices
1961 2004 2188 2048 porrexerint3

324 2071 550 2112 promoverint
583 2068 767 2102 consilium.
799 2068 969 2111 auxiliunn
1004 2068 1156 2101 favorem
1192 2067 1355 2103 dederint.
1385 2067 1479 2101 donis
1514 2065 1736 2113 spiritualibus
1775 2067 1918 2099 sentiant
1957 2075 1993 2098 sc
2032 2062 2188 2105 refertos,

325 2127 405 2160 ultra
437 2128 658 2173 indulgentias
688 2140 747 2174 pcr
768 2140 915 2162 summos
936 2128 1122 2174 pontifices,
1153 2128 1426 2174 archiepiscopos
1448 2132 1479 2161 et
1499 2130 1676 2173 episcopos
1697 2125 1814 2159 talibus
1835 2135 2016 2159 concessas
2038 2122 2189 2157 omnibus

325 2199 406 2221 vere
444 2189 664 2233 penitentibus
694 2194 725 2223 et
769 2188 933 2223 confessis
969 2189 1027 2223 XL
1057 2189 1128 2223 dies
1157 2189 1436 2233 indulgentiarum
1479 2187 1519 2221 de
1550 2189 1784 2233 omnipotentis
1814 2186 1867 2219 dei
1896 2184 2126 2218 misericordia
2156 2187 2188 2216 et

324 2248 496 2282 beatorum
534 2249 621 2284 Petri
660 2255 692 2284 ct
727 2250 817 2284 Pauli
857 2250 1082 2296 apostolorum
1122 2252 1318 2283 auctoritate
1357 2247 1472 2281 confisi
1509 2248 1549 2281 de
1588 2249 1741 2281 iniunctis
1776 2248 1965 2292 penitentiis
1994 2247 2026 2278 in
2055 2244 2188 2278 domino

326 2309 532 2353 presentiluis
564 2311 764 2344 relaxamus.
798 2310 832 2344 Iu
864 2313 955 2344 cuius
977 2313 1023 2344 rei
1054 2312 1277 2344 testimonium
1300 2308 1358 2342 has
1379 2309 1492 2342 literas
1512 2313 1583 2354 post
1607 2310 1740 2341 minime
1762 2307 1920 2340 valituras
1942 2305 2013 2339 fieri
2034 2307 2189 2339 iussimus

326 2375 354 2400 vt
378 2370 472 2413 sigilli
496 2374 597 2404 nostri
620 2374 754 2405 maioris
776 2374 982 2417 appensione
999 2374 1130 2405 muniri.
1160 2370 1280 2404 Datum
1299 2369 1483 2403 Olomuncz
1504 2379 1590 2402 anno
1611 2368 1732 2401 domiui
1754 2365 1804 2401 ΜΟ
1825 2363 1925 2400 0000
1945 2365 1969 2400 L
1988 2364 2122 2400 XXXX
2143 2361 2190 2398 11⁰

328 2434 357 2462 in
388 2430 472 2463 festo
507 2434 610 2465 sancti
640 2432 812 2465 Jeronimi.

640 2597 731 2629 (orig.
758 2597 838 2628 Peru.
865 2597 890 2622 li.
917 2597 974 2627 Εἰς.
1001 2597 1034 2621 im
1061 2597 1134 2622 Utin.
1161 2596 1230 2629 Cap.
1258 2592 1406 2633 Areliivv.)
