2313 3090
1004 214 1068 247 141

72 349 75 351 ,
106 318 281 354 statuimus‘
306 322 338 350 et
367 317 576 351 ordinamus:
607 317 692 361 quod
725 320 756 350 in
785 321 922 351 summis
951 317 1186 352 festivitatibus
1211 322 1287 352 anni
1310 319 1466 353 videlicet
1486 322 1670 358 nativitate,
1701 322 1972 354 circumcisione.

108 378 308 426 epyphania,
338 377 475 423 pascha,
496 380 696 411 ascensione
717 378 840 412 domini
862 383 894 411 et
918 379 1167 424 penthecostes*
1199 383 1383 419 nativitate„
1414 379 1662 426 purificacione,
1693 383 1972 422 annuiiciaeione,

107 442 339 486 assumpcione
374 443 489 473 sancte
525 437 643 475 Mario.
684 441 715 471 in
754 439 971 473 dedii-acione
1010 441 1166 474 ecclesie.
1205 443 1236 474 in
1277 444 1449 475 nativitate
1487 445 1592 475 sancti
1622 441 1783 475 Johannis
1815 441 1972 486 Baptiste,

106 507 138 538 in
166 506 357 537 sanctorum
387 504 577 534 nostrorum
608 503 822 544 patronorum
853 499 1062 538 wenceslai,
1103 500 1235 534 Cristini
1266 513 1304 535 ac
1335 505 1481 535 omnium
1511 507 1703 536 sanctorum
1740 500 1974 535 festivitatibus

106 565 220 610 primis
248 566 281 595 et
304 560 460 595 secundis
479 562 634 605 vesperis
654 564 685 592 et
707 563 873 593 matutinis
903 571 1019 594 omnes
1049 564 1178 597 vicarii.
1209 562 1324 595 diebus
1346 574 1429 596 vero
1454 563 1628 596 dominicis
1648 567 1681 596 et
1700 562 1830 596 festivis
1852 572 1973 595 novem

105 625 288 659 leccionem
320 621 405 667 (sic)
426 626 494 654 tres
514 623 632 654 vicarii
653 619 881 654 ebdomadarii
902 621 1038 666 prefatis
1069 622 1172 657 lioris-
1194 627 1348 656 cessante
1375 624 1537 668 legittimo
1559 623 1809 669 impedimento,
1833 623 1974 656 debeant

70 695 80 699 ·
109 689 272 720 interesse
292 682 353 717 sub
373 693 457 728 pena
487 684 583 715 unius
603 684 726 725 grossi-
757 692 853 726 quem
884 692 943 727 pro
965 681 1110 727 qualibet
1139 683 1301 716 dictarum
1332 683 1490 717 horarum
1520 684 1732 728 negligencia
1763 687 1909 717 vicarius
1938 694 1975 717 se

106 746 286 781 absentans
315 744 355 777 ad
385 741 544 776 fabricam
575 745 725 787 protinus
754 742 889 776 solvere
918 748 1081 776 teneatur.
1140 743 1363 778 Attendentes
1404 747 1540 790 insuper
1578 747 1691 790 pietati
1729 744 1975 786 defunctorum,

106 810 160 853 qui
196 816 257 852 pro
295 806 544 839 sustentacione
583 813 800 848 personarum
838 807 939 849 ipsius
979 804 1123 837 ecclesie
1164 809 1342 849 perpetuas
1382 805 1582 838 elemosinas
1616 806 1838 842 donaverunt.
1869 808 1976 839 minus

108 866 314 902 sufficienter
348 867 475 911 prosint
512 867 653 909 inpense
689 864 859 899 benefieiis
897 866 1106 910 responderi,
1143 869 1315 899 statuimus
1350 870 1381 898 et
1418 869 1561 899 unanimi
1601 866 1740 899 consilio
1770 867 1976 901 ordinamus.

109 927 194 973 quod
233 930 265 960 in
290 926 414 970 vigiliis
452 927 686 971 episcoporum
726 930 755 958 et
796 929 980 971 principum
1024 938 1140 960 omncs
1184 929 1312 968 vicarii„
1351 926 1554 971 prelatorum
1597 937 1681 960 vero
1724 930 1976 969 canonicorum,

107 988 282 1030 baronum,
313 987 448 1021 militum
479 991 510 1019 et
539 990 729 1020 ceterorum
752 986 996 1021 defunctorum.
1027 990 1080 1032 qui
1102 990 1204 1032 ipsius
1225 987 1369 1020 ecclesie
1391 986 1524 1020 fuerunt
1544 987 1708 1021 notabiles
1728 987 1978 1028 benefactores,

107 1059 168 1095 pro
196 1059 336 1094 quorum
367 1046 747 1081 commemoracionibus
778 1050 882 1080 maior
911 1059 1071 1093 campana
1102 1047 1184 1081 solet
1214 1047 1350 1092 pulsari.
1382 1051 1448 1080 tres
1469 1047 1677 1081 ebdomadaii
1706 1050 1770 1081 sint
1790 1052 1977 1093 presenteS.

109 1109 265 1144 absentes
307 1120 440 1154 quoque
476 1111 548 1142 sine
588 1107 748 1152 legittima
788 1119 887 1141 causa
927 1109 1086 1141 offertorii
1122 1112 1198 1141 tunc
1228 1107 1444 1141 distrilniendi
1473 1113 1607 1141 careant
1639 1108 1747 1141 dehita
1778 1108 1974 1154 porciom=.‘·

108 1170 172 1204 Pro
192 1181 233 1203 eo
253 1180 314 1203 nos
335 1168 507 1203 Sanderus
537 1173 567 1202 et
584 1168 776 1202 Fridericus
806 1170 984 1214 supradicti
1014 1171 1211 1202 auctoritate
1239 1168 1335 1201 nobis
1356 1172 1386 1201 in
1408 1168 1470 1201 hac
1490 1173 1584 1213 parte
1604 1172 1793 1203 commissa.
1816 1171 1978 1213 inquisitis

111 1235 143 1265 et.
176 1232 388 1275 investigatis
427 1230 589 1263 dictorum
629 1232 831 1263 vicariorum
870 1229 1040 1264 oneribus.
1079 1228 1311 1262 observanciis
1340 1233 1373 1261 ct
1402 1229 1574 1263 mandatis.
1605 1232 1652 1263 sic
1681 1232 1844 1274 premissa
1875 1240 1977 1262 onera

110 1292 264 1326 duximus
300 1291 527 1333 reformanda,
564 1290 650 1335 quod
686 1293 746 1336 ipsi
786 1293 901 1323 vicarii
940 1290 1122 1323 secundum
1161 1294 1314 1323 statutum
1354 1290 1499 1323 eeelesie
1530 1289 1775 1325 Olomucensis.
1812 1294 1842 1322 ut
1878 1301 1976 1335 supra

110 1353 245 1395 factum,
276 1352 363 1397 quod
393 1356 443 1385 est
473 1355 596 1385 tentum
627 1356 657 1384 et
688 1356 858 1385 servatum
891 1362 996 1396 usque
1026 1351 1136 1386 inodo.
1167 1350 1278 1384 divina
1308 1350 1416 1383 oslieia
1443 1356 1607 1396 peragant
1628 1356 1659 1384 et
1679 1351 1804 1384 eisdem
1826 1353 1977 1384 intersint

109 1418 141 1447 et
169 1424 235 1447 non
264 1412 447 1446 secundum
477 1415 709 1446 visitacionem
740 1412 861 1445 ‹lomini
892 1412 1030 1445 Arnesti
1060 1411 1303 1456 archiepiscopi
1335 1410 1514 1456 Pragensis
1545 1411 1650 1445 l'elieis
1678 1414 1851 1453 meamne„
1881 1421 1978 1456 quam

109 1478 141 1509 in
170 1474 309 1519 singulis
344 1477 413 1508 suis
450 1473 606 1507 clausulis
644 1484 716 1506 cum
757 1473 971 1518 processibus
1001 1473 1077 1506 dicti
1112 1472 1233 1505 domini
1263 1470 1426 1504 Johannis
1455 1471 1698 1517 archiepiscopi
1731 1471 1910 1515 Pragensis
1940 1483 1979 1504 ac

110 1539 204 1582 penis
233 1540 266 1569 et
294 1537 474 1569 sentenciis
504 1537 534 1567 in
565 1534 690 1567 eisdem
721 1537 893 1578 expressis
923 1545 1023 1578 snper
1052 1535 1260 1566 execucione
1299 1535 1399 1577 ipsius
1438 1535 1644 1566 visitacionis
1684 1533 1835 1566 facienda
1874 1544 1978 1577 usque

110 1596 150 1630 ad
179 1596 421 1642 beneplacitum
452 1595 601 1629 eiusdem
631 1595 754 1628 domini
784 1594 945 1627 Joliannis
984 1594 1228 1639 archiepiscopi
1258 1592 1438 1637 pragensis
1469 1596 1498 1626 in
1530 1593 1581 1626 ‹lei
1619 1596 1753 1626 nomine
1788 1594 1979 1627 sustulimus

110 1661 142 1691 et
169 1657 313 1691 tollimus
348 1659 378 1690 in
417 1656 479 1689 hiis
517 1658 660 1701 scriptis.
718 1655 752 1689 In
784 1666 922 1700 quorum
963 1657 1186 1688 testimonium
1218 1654 1324 1699 sigilla
1354 1659 1467 1687 nostra
1499 1654 1539 1687 de
1570 1659 1661 1687 certa
1692 1659 1804 1687 nostra
1834 1657 1980 1687 sciencia

109 1717 321 1764 presentibus
357 1720 432 1751 sunt
459 1728 619 1762 appensa.
676 1715 795 1749 Datum
827 1716 987 1748 ()lomucz
1017 1726 1103 1749 anno
1135 1716 1257 1749 domini
1289 1715 1464 1749 millesimo
1494 1718 1730 1748 trecentesimo
1760 1718 1981 1759 nonagesimo

111 1781 215 1812 tercio
245 1778 298 1812 die
326 1780 487 1811 vicesima
518 1782 638 1810 octava
669 1779 793 1810 mensis
822 1776 911 1810 Maii.

424 1887 518 1929 (Orlg,
546 1891 626 1923 l'erg.
654 1891 670 1914 ‘2
696 1890 724 1916 h.
749 1890 807 1921 sig.
834 1890 869 1914 lin
895 1890 967 1916 «etim.
994 1889 1066 1922 (7:11¹.
1093 1889 1241 1922 Areliive.)

1003 2035 1105 2070 153.

115 2115 188 2149 Der
218 2115 370 2159 Bischos·
391 2115 528 2148 Jolmnu
560 2126 621 2148 eon
653 2114 839 2158 Leitomys‘l
860 2113 1038 2157 ilberli·(iyt
1067 2114 1129 2147 das
1159 2114 1701 2157 Anqustiuer-Clmrlterrenstisl
1721 2114 1752 2146 iu
1778 2112 1980 2145 Lamlslwwm

344 2180 480 2220 (spaler
510 2177 541 2208 in
576 2176 724 2212 Olrrziitz)
755 2187 819 2208 ans
849 2175 912 2207 alei·
952 2174 1112 2207 los-stad!
1143 2186 1203 2206 3111·
1232 2174 1559 2218 Stadlpfarrltirclw
1589 2173 1752 2207 ilasalbst.

744 2235 801 2269 ΠΙ.
836 2235 1038 2268 Landslsron
1070 2234 1101 2267 Ι.
1131 2234 1216 2267 ‚luni
1246 2234 1354 2268 1393.

270 2312 316 2365 ln
355 2335 489 2365 nomine
527 2336 643 2365 sancte
682 2336 712 2364 et
752 2331 921 2365 individue
962 2333 1115 2363 trinitatis
1147 2330 1287 2362 feliciter
1316 2341 1425 2363 amen.
1458 2329 1527 2363 Nos
1556 2329 1728 2362 Johannes
1759 2329 1810 2362 dei
1841 2333 1871 2362 et
1892 2340 1981 2374 apo-

115 2392 232 2425 stolice
260 2392 349 2425 sedis
379 2395 493 2435 gracia
524 2395 701 2437 episcopus
719 2392 1006 2425 Lulliomislensis.
1038 2393 1287 2423 commissarius
1317 2395 1345 2423 et
1378 2394 1541 2423 executor
1571 2392 1687 2423 unicus
1708 2389 1747 2422 ad
1770 2390 1980 2435 infrascripta

113 2463 131 2485 a
160 2452 241 2485 sede
270 2453 452 2497 apostolica
483 2453 673 2498 specialiter
701 2453 875 2498 deputatus
906 2452 943 2485 ad
976 2454 1129 2484 noticiam
1161 2451 1366 2491 singulorum
1398 2455 1461 2483 tam
1503 2452 1713 2495 presencium
1753 2462 1850 2495 quam
1890 2450 1982 2483 l'utu-

113 2523 225 2545 rorum
262 2512 456 2545 deducimus
492 2524 551 2558 per
588 2517 774 2558 presentes
814 2513 900 2558 qnod
931 2512 1050 2545 (ludum
1082 2512 1194 2545 literas
1223 2513 1421 2544 sanctissimi
1453 2513 1482 2543 in
1514 2510 1647 2543 Christo
1676 2513 1778 2555 patris
1809 2515 1841 2544 et
1861 2510 1983 2543 domini

114 2576 218 2606 nostri
248 2572 369 2606 domini
402 2573 563 2606 Bonil'acii
593 2573 704 2606 divina
735 2573 952 2619 providencia
970 2584 1054 2618 pape
1084 2575 1172 2605 noni.
1204 2575 1274 2604 eius
1305 2582 1385 2604 vera
1409 2570 1493 2603 bulla
1516 2570 1668 2616 plumbea
1691 2574 1721 2604 in
1744 2570 1804 2604 silis
1826 2574 1984 2616 canapeis

115 2644 208 2667 more
237 2644 376 2666 romane
406 2637 498 2666 curie
529 2633 677 2667 bullatas.
708 2645 807 2667 sanas
838 2638 867 2666 et
899 2637 1059 2677 integras7
1092 2644 1155 2665 non
1186 2643 1279 2665 rasas
1319 2643 1382 2664 non
1410 2631 1611 2665 cancellatas
1647 2643 1709 2664 nee
1748 2631 1887 2666 abolitas
1925 2632 1982 2665 sed

115 2697 201 2727 omni
233 2705 370 2739 prorsus
400 2697 487 2727 vicio
518 2699 548 2727 et
578 2697 768 2739 suspicione
798 2699 952 2727 carentes
982 2706 1055 2727 cum
1087 2706 1137 2726 ea.
1169 2704 1230 2737 qua
1262 2693 1381 2726 decuit.
1412 2695 1610 2725 reverencia
1642 2695 1829 2738 recepimus
1860 2696 1984 2726 tenoris
