2313 3090
1219 192 1265 225 18

309 315 368 349 per
397 303 538 337 eundem
568 303 734 336 dominum
753 299 967 333 Wilhelmum
998 297 1158 330 factm-um
1189 307 1320 330 necnon
1350 297 1390 331 de
1419 296 1513 330 dictis
1542 296 1729 342 quindecim
1756 296 1904 337 florenis,
1934 307 1994 341 pro
2016 295 2173 341 predictis

309 365 426 398 litteris
456 365 659 398 executoriis
689 363 861 406 expositis,
892 358 976 392 infra
1007 361 1134 390 certum
1165 360 1340 390 terminum
1371 361 1447 391 tunc
1463 367 1662 407 expressum
1693 357 1800 390 eidem
1831 356 1964 390 domino
1991 355 2173 390 willielmo

308 425 362 459 vel
390 426 599 470 procuratori
639 433 698 455 suo
738 432 797 466 pro
836 430 875 453 eo
904 418 1036 464 plenam
1067 422 1097 451 et
1126 420 1290 461 integram
1321 417 1591 452 satisfaccionem
1621 422 1651 451 et
1681 417 1887 452 solucionem
1919 417 2114 463 impendere
2143 422 2174 451 et

309 485 472 519 exhibere
500 487 655 529 procuret
685 480 820 514 realiter
849 484 878 512 et
909 489 983 511 cum
1013 477 1144 511 effectu.
1175 477 1363 512 Monuimus
1392 481 1528 524 insuper
1557 478 1656 511 modo
1686 482 1717 511 et
1738 478 1844 512 forma
1866 481 2037 524 premissis
2058 489 2175 512 omnes

311 551 340 579 et
370 544 518 589 singulos
548 542 756 588 supradictos
790 542 994 584 cuiscunque
1016 538 1196 583 dignitatis,
1225 543 1341 582 status,
1363 539 1499 583 gradus,
1530 538 1655 572 ordinis
1677 539 1730 572 vel
1752 538 1958 572 condicionis
1979 541 2175 581 existerent,

310 618 352 639 ne
380 604 510 650 prefato
541 603 674 636 domino
703 600 887 634 XVilhelmo
916 599 972 633 vel
1000 601 1211 644 procuratori
1239 610 1311 642 suo,
1342 602 1517 644 quominus
1547 599 1666 632 dictam
1697 610 1839 632 annuam
1873 601 2070 644 pensionem
2100 609 2173 632 cum

310 665 461 699 omnibus
499 662 622 697 iuribus
662 666 692 695 et
730 662 944 706 pertinenciis
983 662 1050 693 suis
1088 663 1219 704 integre
1257 664 1289 694 et
1327 659 1465 706 pacifice
1500 664 1739 704 assequeretur
1769 663 1801 692 et
1829 662 1931 704 ipsius
1961 663 2177 705 possessione

309 725 470 769 gauderet
508 734 580 756 cum
621 722 739 756 effectu
775 732 814 754 ac
850 720 1012 754 dictorum
1051 719 1216 754 fructuum
1254 725 1489 766 perceptorum
1528 732 1568 753 ac
1604 722 1723 764 viginti
1763 724 1838 753 octo
1879 719 2033 753 marchas
2068 730 2177 753 annue

310 788 478 831 pensionis
514 788 544 817 et
576 783 779 816 florenorum
818 784 890 815 auri
918 791 1065 815 summas
1094 781 1262 826 predictas
1292 792 1351 826 pro
1381 781 1476 815 dictis
1506 783 1666 826 expensis
1694 783 1765 826 ipse
1795 780 1947 813 dominus
1977 779 2178 814 Wilhelmus

310 858 369 892 per
406 857 442 879 se
482 849 535 878 aut
576 847 829 889 procuratorem
865 853 960 876 suum
995 841 1111 885 libere,
1142 841 1360 875 effectualiter
1399 846 1429 874 et
1470 852 1542 874 cum
1583 843 1773 885 integritate
1816 843 2004 886 percipere,
2048 840 2178 883 levare,

310 909 450 950 exigere
481 905 608 939 valeret
638 908 668 937 et
703 902 841 946 habere,
871 913 932 936 seu
960 905 1135 948 quominus
1175 905 1284 936 onmia
1311 906 1340 935 et
1371 901 1501 946 singula
1531 901 1720 947 supradicta
1751 912 1845 935 suum
1875 900 2021 935 debitum
2051 911 2179 936 conse-

309 970 490 1012 querentur
518 965 683 1007 effectum,
708 964 978 1010 impedimentum
1009 963 1138 1008 aliquod
1168 967 1354 1009 prestarent
1386 973 1446 1007 per
1474 973 1510 995 se
1531 961 1584 995 vel
1609 961 1707 995 alium
1728 973 1786 995 seu
1808 961 1890 995 alios
1911 964 2031 1007 quovis
2051 964 2180 1007 quesito

310 1028 424 1061 colore
462 1027 588 1060 directe
613 1025 669 1059 vel
703 1024 877 1067 indirecte,
917 1023 1048 1069 publice
1078 1023 1132 1058 vel
1170 1024 1311 1065 occulte,
1341 1035 1402 1057 nec
1438 1026 1543 1069 ipsun]
1574 1022 1742 1056 dominum
1772 1022 1989 1056 Wilhelmum
2019 1033 2078 1057 seu
2108 1025 2179 1057 eius

310 1092 561 1133 procuratorem
599 1097 701 1131 super
738 1087 910 1130 premissis
948 1088 1000 1117 aut
1039 1087 1071 1117 in
1111 1084 1220 1129 aliquo
1259 1086 1498 1130 premissorum
1538 1082 1793 1129 impedientibus
1822 1094 1883 1117 seu
1911 1082 2180 1129 perturbantibus

310 1149 427 1182 darent
464 1159 523 1182 seu
562 1147 654 1180 daret
690 1146 860 1189 auxilium,
898 1145 1071 1179 consilium
1101 1145 1155 1179 vel
1190 1144 1356 1187 savorem,
1395 1145 1452 1179 sed
1484 1148 1515 1178 in
1545 1144 1699 1179 omnibus
1729 1149 1760 1178 et
1789 1156 1848 1190 per
1877 1147 1988 1178 omnia
2017 1144 2180 1179 mandatis

309 1214 340 1243 et
372 1207 614 1243 monicionihus
645 1206 837 1252 apostolicis
867 1210 898 1240 et
925 1208 1049 1240 nostris
1078 1210 1235 1252 parerent
1264 1205 1472 1250 integraliter
1503 1210 1533 1239 et
1563 1205 1774 1239 intenderent
1805 1216 1879 1239 cum
1910 1205 2041 1239 affectu.
2087 1204 2182 1246 Quod

310 1273 336 1303 si
372 1270 459 1303 sorte
496 1271 659 1315 premissa
698 1270 809 1301 omnia
849 1271 880 1300 et
909 1266 1051 1311 singula,
1086 1270 1183 1311 prout
1212 1277 1272 1311 per
1300 1277 1362 1299 nos
1391 1268 1471 1311 ipsis
1501 1265 1745 1300 mandabantur
1772 1276 1840 1300 non
1869 1265 2101 1311 adimplerent,
2130 1270 2183 1299 aut

311 1330 432 1376 aliquid
470 1332 501 1363 in
541 1332 744 1364 contrarium
784 1329 934 1362 l'acerent
971 1332 1025 1360 aut
1054 1329 1226 1372 premissis
1255 1326 1408 1360 omnibus
1438 1331 1470 1360 et
1499 1327 1640 1371 singulis
1670 1331 1829 1372 parerent
1857 1337 1931 1360 cum
1961 1325 2094 1370 affectu,
2123 1337 2186 1360 nos

312 1395 342 1424 in
373 1394 463 1436 ipsos
493 1402 532 1424 ac
561 1401 679 1424 omnes
707 1390 790 1423 alios
820 1394 851 1423 et
880 1387 1043 1432 singulos,
1082 1390 1136 1433 qui
1166 1387 1338 1433 culpabilis
1368 1399 1427 1422 seu
1458 1387 1640 1433 culpabiles
1669 1387 1779 1421 forent
1807 1399 1867 1423 seu
1897 1391 2009 1422 essent
2038 1390 2072 1420 in
2101 1397 2188 1433 pre-

314 1455 422 1485 missis
462 1456 515 1485 aut
551 1454 582 1484 in
620 1451 730 1496 aliquo
767 1452 1008 1496 premissorum
1046 1448 1265 1493 impedientes
1304 1452 1359 1482 aut
1398 1447 1656 1494 impedientibus
1694 1451 1799 1494 ipsum
1840 1447 1958 1481 darent
1995 1459 2055 1482 seu
2093 1448 2188 1482 daret

313 1512 483 1545 auxilium.
514 1511 688 1545 consilium
718 1510 772 1543 vel
802 1509 957 1543 favorem
986 1508 1117 1554 publice
1147 1508 1201 1541 vel
1230 1508 1373 1551 occulte,
1405 1508 1534 1554 prefata
1564 1519 1627 1542 sex
1657 1508 1784 1542 dierum
1815 1511 1976 1542 canonica
1998 1510 2187 1542 monicione

315 1576 475 1618 premissa
515 1575 713 1606 auctoritate
750 1582 812 1616 qua
851 1581 951 1616 supra
989 1569 1205 1613 singulariter
1234 1572 1266 1603 in
1295 1570 1445 1614 singulos
1475 1572 1507 1603 in
1537 1572 1669 1615 scriptis
1699 1571 2065 1603 excommunicacionis
2093 1573 2127 1603 et
2154 1572 2187 1603 in

316 1634 543 1679 parochialem
574 1636 679 1667 sancti
709 1632 861 1666 Mauricii
891 1630 1150 1665 Olomucensem
1180 1635 1211 1663 et
1241 1633 1273 1664 in
1303 1633 1410 1676 ipsam
1434 1630 1694 1664 Olomucensem
1725 1630 1888 1664 ecclesias
1917 1629 2084 1664 interdicti
2102 1641 2188 1665 sen—

312 1697 438 1728 tencias
474 1697 505 1728 in
545 1696 676 1739 scriptis
711 1693 843 1726 tulimus
881 1697 913 1726 et
942 1691 1241 1737 promulgavimus,
1281 1694 1436 1725 ammotis
1465 1702 1483 1724 a
1513 1691 1600 1724 dicta
1631 1701 1740 1724 annue
1770 1693 1939 1737 pensionis
1972 1693 2188 1738 possessione

314 1755 444 1800 prefato
474 1754 583 1788 Cruce
613 1759 644 1788 et
675 1753 819 1799 quolibet
849 1753 913 1786 alio
943 1752 1055 1786 illicito
1076 1752 1262 1786 detentore.
1293 1751 1499 1799 Nolebamus
1524 1756 1635 1785 tamen
1656 1754 1777 1796 vigore
1797 1751 1987 1786 huiusmodi
2006 1762 2187 1798 processus

314 1819 416 1849 nostri
447 1819 554 1861 ipsunt
584 1814 726 1849 Crucem
756 1825 858 1859 super
887 1817 1019 1846 centurn
1050 1812 1270 1858 quadraginta
1292 1812 1438 1851 marchis
1469 1812 1729 1846 moravicalibus
1754 1823 1952 1857 grossorum
1974 1814 2188 1858 pragensium

314 1876 552 1921 predictorum,
595 1886 696 1921 super
738 1873 855 1920 quibus
893 1874 932 1907 ad
973 1877 1166 1907 instanmam
1210 1873 1286 1907 dicti
1323 1873 1446 1907 domini
1488 1872 1659 1906 WIlhehni
1697 1883 1757 1918 per
1796 1872 1966 1906 dominum
2003 1872 2188 1907 auditorem

312 1937 508 1977 generalem
547 1936 680 1970 curialis
719 1946 855 1968 camere
893 1934 1077 1980 apostolice
1107 1933 1164 1967 fuit
1195 1939 1227 1968 et
1256 1936 1364 1967 extitit
1392 1945 1601 1979 processum,
1636 1937 1733 1979 prout
1763 1933 1804 1968 de
1833 1933 1898 1968 hoc
1926 1945 1987 1980 per
2015 1934 2128 1968 literas
2157 1939 2189 1968 et

315 2001 386 2030 aeta
417 1997 493 2030 dicti
523 1997 646 2030 domini
676 1996 835 2029 auditoris
865 1995 965 2040 liquet
995 1999 1024 2028 et
1055 1994 1151 2029 nobis
1181 1999 1251 2028 erat
1282 1995 1367 2028 l'acta
1397 1995 1493 2040 plena
1533 1994 1627 2037 fides,
1670 1997 1809 2030 moneri.
1854 1997 1966 2040 impeti
2005 2006 2064 2028 seu
2100 2005 2191 2040 quo-

315 2057 490 2090 modolibet
515 2057 705 2099 molestari;
736 2055 970 2090 nichilominus
988 2060 1097 2089 tamen
1119 2066 1179 2101 pro
1195 2058 1412 2089 restitucione
1429 2059 1461 2088 et
1491 2058 1762 2100 reinlegracione
1783 2055 1869 2088 dicte
1889 2066 1998 2088 annue
2020 2057 2190 2101 pensionis

316 2118 471 2151 videlicet
492 2121 629 2161 virginti
650 2122 726 2151 octo
749 2116 960 2151 marcharum
983 2116 1235 2150 moravicalium
1257 2127 1455 2161 grossorum
1478 2119 1694 2161 pragensium
1715 2127 1754 2149 ac
1775 2116 1962 2160 quindecim
1985 2115 2188 2150 florenorum

315 2181 385 2211 :iuri
415 2178 455 2211 (le
486 2190 619 2212 camera
650 2180 787 2212 racione
817 2177 987 2210 literarum
1017 2177 1275 2222 apostolicarum
1305 2179 1580 2210 executoriarum
1602 2188 1641 2210 ac
1662 2179 1766 2210 nostri
1787 2187 1968 2222 processus
1988 2188 2027 2210 ac
2049 2176 2188 2211 aliorum

315 2244 549 2284 perceptorum
580 2244 612 2273 et
641 2249 865 2284 expensarum
896 2249 956 2283 per
985 2238 1105 2271 dictum
1136 2237 1304 2271 dominum
1334 2236 1553 2270 Wilhehnum
1576 2240 1779 2282 inposterum
1809 2236 2036 2271 faciendarum
2058 2248 2189 2272 necnon

316 2310 374 2343 per
406 2302 512 2345 ipsum
543 2300 686 2333 Crucem
717 2299 1020 2344 percipiendorum,
1051 2301 1156 2344 ipsum
1186 2309 1381 2344 processum
1413 2298 1548 2332 extendi
1578 2298 1733 2331 volumus
1763 2303 1793 2331 et
1827 2301 1856 2331 in
1878 2309 1939 2331 suo
1960 2297 2083 2332 robore
2103 2309 2189 2344 per—

316 2371 463 2402 manere,
495 2360 688 2405 quibusdam
719 2358 946 2403 subdelegatis
975 2362 1098 2393 nostris
1128 2362 1221 2393 vices
1251 2364 1383 2392 nostras
1413 2370 1514 2404 super
1544 2359 1605 2392 hiis
1635 2361 1894 2401 committentes,
1925 2369 2098 2404 quousque
2119 2358 2190 2392 illas

314 2420 352 2451 ail
384 2431 446 2453 nos
479 2431 731 2463 revocaremus,
762 2419 857 2453 nobis
889 2424 1053 2465 potestate
1082 2420 1284 2465 procedendi
1315 2419 1550 2453 nichilomimis
1579 2422 1611 2452 in
1642 2422 1825 2464 premissis,
1863 2423 1960 2465 prout
1989 2419 2052 2453 hec
2081 2421 2190 2453 omnia

316 2484 344 2511 et
385 2481 514 2516 siim-ula
555 2485 584 2513 et
624 2484 729 2514 eciam
769 2480 831 2513 alia
870 2483 901 2513 in
941 2480 1059 2513 eodem
1098 2491 1259 2526 processu
1290 2484 1405 2513 nostro
1439 2479 1584 2525 desuper
1615 2479 1701 2512 l'acto
1732 2484 1762 2512 et
1792 2482 1824 2513 in
1854 2479 2019 2525 publicam
2049 2479 2188 2514 formam

319 2539 453 2572 redacto
485 2545 664 2585 nostroque
694 2541 803 2585 sigillo
836 2543 959 2573 munito
991 2541 1118 2586 plenius
1148 2544 1371 2574 continentur.
1430 2539 1468 2573 Et
1499 2540 1575 2573 licet
1618 2540 1766 2586 prelatus
1798 2552 1979 2587 processus
2007 2544 2123 2574 noster
2151 2551 2190 2573 ac

320 2603 524 2633 monicioiws
563 2606 592 2633 et
634 2601 798 2643 mandata,
838 2604 1065 2635 execueiones
1103 2606 1135 2635 et
1174 2604 1346 2635 sentencie
1375 2605 1407 2634 ct
1437 2601 1498 2634 alia
1534 2605 1689 2635 contenta
1721 2605 1751 2635 in
1783 2602 1900 2635 eodem
1930 2600 2061 2647 prefato
2090 2599 2190 2634 Cruci

319 2661 489 2705 principali
522 2664 713 2706 oeeuputori
744 2666 775 2694 et
804 2661 968 2694 detentori
1000 2661 1086 2695 dicte
1116 2673 1225 2694 annue
1255 2664 1426 2707 pensionis
1456 2665 1602 2695 intimata
1633 2667 1662 2695 et
1694 2661 1861 2695 notificata
1891 2664 2061 2695 extiterint
2090 2665 2122 2694 et
2151 2661 2189 2694 ad
