2313 3090
1033 218 1106 252 209

135 336 196 371 per
225 336 261 359 se.
291 325 347 358 vel
376 325 473 358 alium
504 336 562 359 seu
593 324 676 357 alios
706 324 832 358 directe
863 323 916 357 vel
947 323 1109 356 indirecte
1138 321 1270 368 publice
1301 321 1353 354 vel
1383 320 1513 354 occulte
1543 319 1713 353 auxilium.
1749 318 1922 352 consilium
1954 318 2008 351 vel

137 386 290 420 favorem
313 388 504 431 ²presencia
525 384 798 431 promocionibus
819 389 849 418 et
871 382 1149 429 requisicionibus
1164 381 1351 416 huiusmodi
1372 392 1430 414 seu
1452 379 1670 415 citacionibus
1691 380 1731 414 de
1748 383 1827 426 ipsis
1847 380 2010 414 faciendis

136 450 184 481 eis
213 457 334 481 secure
364 447 418 480 vel
446 445 588 480 comode
618 445 734 479 haberi
765 448 928 491 nequiret⁷
958 443 1266 487 vohis,citaci0nes
1297 447 1326 475 et
1356 445 1599 488 requisiciones
1629 441 1816 475 huiusmodi
1842 445 1873 475 et
1894 445 2007 475 moni—

136 511 251 542 ciones
294 506 456 553 quaslibet
499 518 559 552 per
602 506 707 539 edicta
747 505 878 552 publica
916 508 946 539 in
985 506 1067 539 locis
1103 503 1272 549 affigenda
1310 503 1460 550 publicis.
1501 503 1541 537 de
1576 501 1693 548 quibus
1732 505 1771 536 sit
1815 503 2007 536 verisimilis·

137 571 342 603 coniectura.
383 567 469 613 quod
499 566 539 600 ad
569 569 724 600 noticiam
755 569 930 600 citatorum
961 570 992 599 et
1021 568 1221 599 monitorum
1251 563 1438 598 huiusmodi
1469 566 1650 610 pervenire
1679 563 1825 597 valeant.
1863 563 2005 597 faciendi

136 628 268 674 plenam
298 633 416 662 tenore
444 630 657 674 presencium
688 627 904 661 concedimus
933 625 1135 660 facultatem.
1166 624 1207 659 Et
1235 625 1401 667 volumus,
1433 625 1519 670 quod
1550 627 1756 658 moniciones
1795 628 1827 658 et
1855 627 2005 669 requisi-

113 692 251 724 fciones
288 700 327 724 ac
365 691 547 723 citaciones
585 687 773 722 huiusmodi
809 687 949 734 perinde
988 690 1078 733 ipsos
1116 689 1234 720 citatos
1269 689 1448 731 requisitos
1487 690 1517 719 et
1548 689 1701 727 monitos.¹
1733 689 1765 718 ut
1794 687 2004 730 premittitur.

135 754 265 784 arctent
292 761 332 784 ac
360 753 387 784 si
425 752 473 784 eis
503 748 591 783 facte
620 753 651 782 et
679 751 845 782 insinuate
873 747 1127 794 presencialiter
1156 751 1187 781 et
1216 747 1438 793 personaliter
1467 749 1666 780 extitissent.
1696 745 1771 780 Non
1799 745 2006 779 obstantibus

135 815 199 844 tam
235 810 342 844 felicis
370 809 622 844 recordacionis
660 808 823 843 Bonifacii
860 819 945 854 pape
981 807 1070 842 VIII.
1107 807 1361 854 predecessoris
1396 810 1521 843 nostri.
1559 811 1589 840 in
1629 806 1746 852 quibus
1783 811 1935 848 cavetur,
1964 818 2006 840 ne

137 871 254 916 aliquis
283 875 380 905 extra
409 881 501 905 suam
533 873 702 904 civitatem
733 874 765 903 et
795 860 955 903 diocesim
984 871 1048 903 nisi
1076 871 1109 902 in
1138 871 1238 902 certis
1268 871 1420 914 exceptis
1450 867 1581 902 casibus
1603 873 1635 902 et
1655 871 1687 902 in
1715 868 1778 902 illis
1798 867 1882 901 ultra
1904 879 2002 901 unam

135 932 255 966 dietam
286 941 304 964 a
334 930 398 965 fine
427 941 487 965 sue
517 931 661 965 diocesis
697 930 737 963 ad
772 929 929 963 iudicium
969 933 1143 971 evocetur,
1182 940 1241 963 seu
1270 939 1312 963 ne
1346 928 1478 973 judices
1513 940 1531 962 a
1560 928 1641 962 sede
1679 929 1826 974 deputati
1855 927 2004 973 predicta

134 997 231 1027 extra
259 995 430 1027 civitaten]
461 997 493 1026 et
522 992 695 1034 diocesim,
724 994 756 1024 in
787 989 904 1036 quibus
943 989 1088 1036 deputati
1127 989 1261 1024 fuerint.
1301 994 1416 1024 contra
1454 1000 1670 1035 quoscunque
1705 989 1892 1035 procedere
1931 991 2004 1022 sive

134 1053 188 1087 alii
214 1053 271 1087 vel
300 1053 371 1087 aliis
399 1055 494 1087 vices
523 1063 601 1087 suas
630 1055 841 1086 committere
871 1052 925 1086 vel
954 1051 1082 1097 aliquos
1111 1050 1196 1084 ultra
1225 1061 1323 1084 unam
1353 1050 1473 1084 dietam
1504 1061 1521 1083 a
1552 1049 1616 1084 fine
1646 1050 1791 1084 diocesis
1820 1050 2002 1084 eorundem

132 1113 268 1148 trahere
295 1124 363 1148 non
391 1118 582 1160 presumant
612 1113 705 1147 etde
726 1112 853 1147 duabus
883 1113 978 1147 dietis
1006 1114 1037 1145 in
1068 1111 1210 1145 concilio
1238 1111 1402 1156 generali.
1432 1122 1529 1156 quam
1551 1111 1622 1144 aliis
1643 1110 1895 1156 quibuscunque
1916 1121 2005 1144 con—

131 1175 363 1209 stitucionibus
391 1186 409 1208 a
438 1174 739 1220 predecessoribus
768 1177 892 1207 nostris
921 1173 1081 1207 Romanis
1110 1171 1321 1218 pontificibus
1350 1176 1414 1205 tam
1447 1172 1487 1205 de
1512 1171 1681 1216 judicibus
1711 1171 1874 1216 delegatis
1904 1183 2000 1217 quam

131 1239 286 1282 personis
314 1235 399 1269 ultra
429 1240 557 1269 certum
586 1246 760 1269 numerum
791 1234 830 1268 ad
856 1234 1016 1278 judicium
1046 1243 1112 1267 non
1142 1232 1315 1266 trahendis
1345 1237 1398 1266 aut
1419 1232 1491 1266 aliis
1511 1232 1619 1275 editis,
1641 1243 1704 1278 que
1732 1237 1846 1266 vestre
1867 1237 2002 1278 possent

132 1355 296 1402 aliquibus
325 1359 547 1390 communiter
576 1356 630 1389 vel
660 1356 790 1389 divisim
821 1367 837 1388 a
868 1354 1018 1401 predicta
1047 1357 1087 1389 sit
1116 1354 1197 1388 sede
1225 1354 1396 1388 indultum.
1435 1354 1521 1399 quod
1552 1354 1715 1388 interdici.
1755 1353 1912 1400 suspendi
1947 1354 2002 1387 vel

133 1419 419 1452 excommunicari
450 1427 515 1450 non
546 1419 687 1462 possint,
716 1427 776 1462 pcr
806 1416 932 1450 litteras.
961 1415 1161 1461 apostolicas
1199 1426 1263 1449 non
1304 1414 1466 1448 facientes
1505 1415 1635 1461 plenam
1674 1419 1704 1448 et
1735 1425 1931 1460 expressam
1963 1426 2002 1447 ac

133 1478 174 1512 de
201 1477 309 1512 verbo
338 1478 377 1512 ad
407 1477 548 1511 verbum
580 1477 620 1510 de
649 1477 774 1511 indulto
805 1477 992 1510 huiusmodi
1023 1479 1244 1510 mencionem.
1284 1475 1404 1509 Datum
1434 1475 1542 1509 Rome
1571 1475 1656 1521 apud
1687 1480 1836 1509 sanctuni
1868 1475 2001 1509 Petrum

132 1538 198 1573 kal.
229 1538 387 1573 Octobris
414 1538 626 1585 pontificatus
655 1541 759 1572 nostri
789 1548 876 1571 anno
906 1540 1030 1582 quinto.

446 1653 519 1685 (Aus
544 1653 622 1678 einer
646 1652 810 1678 vidimirten
835 1652 923 1685 Cepit·
950 1652 982 1676 ‹lt-
1008 1660 1083 1677 anno
1110 1652 1190 1678 1396
1217 1651 1251 1676 im
1279 1651 1430 1677 ftirsterzh,
1456 1651 1581 1676 Archiw·
1607 1650 1633 1674 in
1660 1650 1829 1684 Krcinsicr.)

1015 1824 1124 1859 216.

132 1903 301 1938 Nikolaus
339 1903 490 1948 Bisckof
523 1914 586 1937 ron
628 1903 760 1937 Olmzitz-
787 1907 962 1948 qeslstltel.
1002 1903 1083 1935 dass
1121 1901 1230 1935 ,lurik
1270 1914 1331 1934 con
1363 1901 1512 1935 Jlodritz
1551 1902 1648 1934 einen
1680 1900 1776 1934 Lalm
1819 1902 1886 1934 nm!
1917 1903 2002 1934 :wrei

523 1964 722 2009 Hofstc'itten
752 1964 930 2008 cerltaitfe.
986 1963 1041 1996 Dte
1074 1962 1190 1996 Μίνωι
1224 1961 1279 1996 13.
1314 1962 1464 1996 October
1496 1961 1604 1996 1394.

287 2040 394 2094 w⁷ir
421 2059 536 2095 Niclas
565 2065 629 2094 etc.
660 2060 836 2094 bekennen
873 2065 935 2094 etc.
977 2060 1034 2094 das
1073 2059 1125 2092 fur
1154 2069 1215 2092 uns
1245 2058 1366 2092 komen
1397 2061 1437 2092 ist
1465 2058 1590 2093 Mixico
1621 2070 1686 2092 von
1716 2058 1866 2093 Modricz
1897 2070 1998 2091 unser

129 2121 235 2155 lieber
272 2126 433 2166 getreuer
469 2121 533 2155 und
573 2121 627 2155 hat
665 2132 727 2155 uns
756 2133 795 2155 zu
827 2124 950 2155 wissen
981 2125 1093 2165 getan,
1133 2120 1192 2152 das
1221 2130 1258 2152 er
1287 2122 1339 2153 ein
1369 2118 1467 2152 tehen
1503 2118 1626 2153 altkers
1654 2119 1718 2153 und
1748 2131 1824 2153 zwe
1855 2119 1998 2153 hofstete

132 2185 191 2215 init
217 2181 301 2216 aller
329 2181 587 2227 zugehorunge2
617 2182 670 2215 die
698 2193 766 2216 von
796 2193 857 2216 uns
886 2183 934 2215 als
964 2185 1072 2215 einem
1102 2179 1265 2213 bischove
1294 2191 1333 2213 zu
1365 2179 1525 2213 Olomucz
1555 2191 1594 2213 zu
1624 2180 1773 2214 rechtem
1798 2179 1994 2214 nmnnlolwn

130 2253 243 2285 ruren,
283 2242 442 2276 vorkauft
467 2242 552 2276 habe
591 2242 684 2276 recht
723 2243 787 2276 und
826 2242 952 2276 redlich
991 2241 1068 2275 umb
1098 2240 1225 2285 funfzig
1255 2239 1350 2274 mark
1378 2251 1517 2285 grosser
1547 2252 1670 2286 prager
1700 2241 1868 2286 sptennigi
1898 2252 1995 2274 mer-

131 2302 307 2337 herischer
335 2303 386 2337 zal
415 2307 479 2336 etc.
510 2302 662 2337 Holubcn
693 2314 759 2337 von
788 2303 940 2337 Modricz
970 2303 1033 2336 und
1064 2301 1192 2335 reichte
1222 2312 1257 2334 es
1288 2300 1325 2334 uf
1351 2304 1381 2334 in
1410 2312 1533 2334 unsere
1563 2301 1672 2335 hende
1702 2302 1749 2335 als
1784 2301 1994 2335 lchensrecht

130 2366 171 2397 ist
198 2363 264 2398 und
292 2362 349 2397 bat
376 2374 438 2397 uns
467 2363 527 2397 der
557 2369 748 2408 egenannte
778 2363 915 2398 Mixico.
947 2364 1004 2397 das
1035 2366 1099 2396 wir
1129 2362 1186 2395 das
1208 2365 1397 2405 egenannte
1419 2361 1516 2395 lehen
1538 2362 1601 2395 und
1624 2362 1675 2395 die
1697 2373 1793 2395 zwen
1816 2361 1995 2395 liofstctten
2043 2351 2049 2354 ”

129 2423 284 2458 Holuben
314 2435 354 2458 zu
383 2423 533 2457 rechtem
564 2423 764 2457 mannlchen
796 2424 982 2469 gcruchten
1013 2436 1052 2457 zu
1084 2422 1205 2457 leihcn.
1237 2421 1305 2456 Des
1335 2421 1443 2455 haben
1473 2425 1538 2456 wir
1567 2427 1630 2456 etc.
1661 2425 1711 2458 (ut
1741 2425 1771 2456 in
1801 2422 1872 2455 aliis
1894 2422 1997 2455 literis

129 2483 399 2530 vendicionum].
446 2483 586 2518 Testes:
618 2483 767 2518 Jodocus
797 2485 837 2519 de
866 2484 1077 2529 Wfflssberg,
1108 2483 1280 2517 Johannes
1311 2481 1505 2528 Czepericz‚
1535 2482 1752 2516 Bernhardus
1782 2483 1822 2516 dc
1852 2482 1993 2528 Repaw.

128 2543 250 2578 Datum
271 2543 403 2579 Meraw
433 2543 515 2577 feria
546 2547 649 2577 tercia
680 2549 756 2578 ante
787 2544 906 2579 festum
937 2548 1043 2579 sancti
1073 2544 1161 2578 Luce
1192 2543 1402 2588 evangeliste
1432 2554 1518 2577 anno
1550 2543 1672 2577 domini
1698 2540 1854 2577 MOCCCO
1883 2554 1994 2576 nona-

128 2607 260 2650 gesimo
289 2610 417 2651 quarto.

441 2707 634 2745 (Kremsiernr
658 2709 894 2744 Labensquatern
920 2711 958 2737 H.
987 2720 1012 2744 p.
1046 2712 1127 2738 ltrt3.¹

1833 2762 1848 2787 Na

1853 2762 1867 2786 *1
