2313 3090
1189 189 1263 223 314

289 294 376 327 libus
405 297 535 327 seriose
566 300 679 328 nostre
708 297 824 339 gracie
854 294 913 327 sul)
943 293 1079 327 obtentu
1109 293 1261 327 omnibus
1292 299 1324 327 et
1353 294 1492 338 singulis
1522 298 1645 328 nostris
1666 297 1860 340 capitaneis,
1883 294 2100 340 burggraviis
2124 321 2130 328 .

287 354 480 388 castellanis
512 382 518 387 .
551 382 557 388 .
589 356 755 388 ezudariis
788 382 793 387 .
826 382 831 387 .
864 357 1061 387 camerariis
1092 381 1098 387 .
1134 381 1139 387 .
1166 354 1334 398 judicibus
1364 346 1626 400 provincialibus
1647 367 1686 388 ac
1708 355 1780 389 aliis
1801 354 1999 389 officialibus
2021 355 2163 400 quibus-

286 427 422 461 cunque
474 427 534 461 per
586 415 848 449 marchionatum
902 414 1056 449 Moravie
1101 414 1359 448 consistentibus
1402 420 1434 449 et
1476 419 1667 449 nominatim
1714 419 1888 461 capitaneo
1934 415 2161 459 Olomucensi‚

289 476 501 521 burggravio
531 488 589 509 seu
615 476 720 519 judici
751 476 948 521 provinciali
978 475 1099 510 ibidem
1131 481 1162 509 et
1192 504 1197 509 .
1230 479 1353 510 .vices
1382 475 1579 521 gerentibus
1610 477 1806 519 eorundem„
1837 488 1970 511 necnon
2001 480 2162 522 magistro

291 540 417 571 civium
449 564 455 569 .
488 565 493 570 .
534 536 680 570 scabinis
713 564 718 570 .
754 564 760 570 .
799 536 991 570 consulibus
1024 564 1029 570 .
1062 564 1068 570 .
1104 537 1206 581 Judici
1239 564 1245 570 .
1278 564 1284 570 .
1315 538 1436 581 juratis
1467 564 1473 570 .
1503 565 1509 571 .
1541 538 1670 572 civibus
1700 542 1732 571 et
1760 541 1987 572 communitati
2017 541 2163 572 civitatis

293 597 530 631 Oloniucensis
569 597 777 642 presentibus
816 603 847 632 et
883 597 1014 639 futuris7
1058 601 1220 643 quatenus
1259 600 1320 643 ipsi
1358 597 1463 631 dictos
1502 625 1508 631 .
1550 626 1555 631 .
1588 599 1734 644 prelatos
1766 627 1772 632 .
1804 627 1810 633 .
1842 602 2023 634 canonicos
2053 604 2083 633 et
2114 626 2121 633 .
2155 626 2162 633 .

291 659 470 704 capitulum
503 686 508 690 .
542 686 546 691 .
593 662 757 691 rectorem
789 659 956 692 scolarum
989 686 994 692 .
1029 687 1034 692 .
1070 661 1217 691 vicarios
1247 685 1253 691 .
1287 686 1293 692 .
1324 658 1489 693 altaristas
1520 687 1525 693 .
1559 687 1565 693 .
1597 660 1822 705 prebendatos
1854 687 1860 694 .
1893 689 1898 694 .
1930 663 2102 694 ministros
2129 664 2164 694 et

290 730 509 763 quascunque
545 729 708 764 personas
751 719 895 753 ecclesie
934 731 973 753 ac
1012 723 1115 765 ipsam
1153 719 1332 753 ecclesiam
1372 722 1401 752 in
1444 720 1595 755 omnibus
1633 725 1665 754 et
1703 721 1844 765 singulis
1883 732 1999 755 eorum
2031 720 2162 765 juribus

290 779 496 813 libertatibus
535 779 795 813 immunitatibus
834 780 1019 826 privilegiis
1058 781 1163 813 literis
1202 783 1325 824 graciis
1364 780 1498 815 indultis
1539 781 1834 815 consuetudinibus
1870 786 1902 816 et
1930 781 2163 816 observanciis

291 852 357 874 non
393 840 574 886 impediant
613 841 794 874 molestent
831 846 887 874 aut
924 852 981 875 eas
1021 841 1074 875 vel
1111 852 1149 874 ea
1189 841 1374 886 infringant
1404 845 1434 875 in
1465 847 1533 876 toto
1563 843 1616 877 vel
1647 846 1678 876 in
1709 847 1815 888 parte,
1858 843 1916 877 sed
1947 854 2006 877 eos
2036 842 2162 877 eisdem

291 902 387 947 plene
417 905 450 934 et
478 900 617 947 pacifice
637 902 788 946 gaudere
810 905 1001 947 permittant
1022 913 1084 935 nec
1105 905 1321 935 consenciant
1342 914 1450 948 neque
1471 906 1655 948 paciantur„
1677 903 1763 948 quod
1785 905 1847 949 ipsi
1868 907 1923 936 aut
1943 913 2163 937 successores

289 973 406 995 eorum
446 973 505 1007 per
541 973 774 1007 quemcunque
813 963 867 996 vel
906 974 1122 1008 quoscunque
1161 966 1191 996 in
1233 963 1420 997 huiusmodi
1450 964 1671 1009 impediantur
1699 963 1936 1010 perturbentur
1965 963 2019 998 vel
2050 963 2163 997 mole-

290 1027 432 1056 stentur.
466 1023 506 1056 Et
535 1026 731 1056 nominatim
761 1023 848 1068 quod
879 1035 942 1057 nec
971 1027 1033 1070 ipsi
1062 1035 1124 1057 nec
1154 1035 1373 1059 successores
1403 1035 1518 1058 eornm
1549 1025 1620 1058 ullis
1651 1036 1807 1070 nmquam
1837 1024 2043 1070 temporibus
2074 1024 2164 1058 affu-

293 1087 374 1118 turis
405 1096 449 1118 ex
478 1095 677 1130 quacunque
707 1087 813 1118 eciam
844 1089 1024 1119 occasione
1053 1085 1109 1119 vel
1140 1096 1239 1119 causa
1270 1089 1301 1119 in
1332 1084 1397 1119 hoc
1426 1088 1644 1119 consenciant
1673 1097 1730 1119 seu
1752 1088 1955 1131 permittant7
1977 1085 2065 1131 quod
2087 1085 2164 1119 dicti

290 1146 417 1178 domini
447 1150 479 1179 et
515 1156 661 1191 persone
691 1150 745 1179 aut
774 1156 890 1179 eorum
920 1157 1139 1179 successores
1169 1148 1200 1179 in
1229 1145 1337 1190 burgo
1367 1150 1399 1179 et
1428 1150 1550 1187 castro,
1580 1157 1638 1179 seu
1669 1157 1786 1179 eorum
1816 1146 1922 1179 altero
1952 1145 2165 1180 includantur

289 1207 500 1240 detineantur
529 1206 584 1239 vel
616 1206 696 1240 alias
726 1206 960 1252 impediantur,
991 1218 1050 1240 seu
1080 1217 1138 1240 eos
1168 1218 1227 1252 per
1256 1218 1293 1240 se
1322 1207 1491 1240 includant
1520 1211 1576 1240 aut
1604 1207 1725 1240 includi
1757 1207 1924 1250 mandent,
1955 1211 2054 1253 prout
2081 1209 2162 1252 ipsis

289 1268 412 1303 factum
443 1274 492 1303 est
522 1272 607 1303 sicut
636 1274 854 1315 expressatur
883 1272 1049 1316 superius„
1079 1269 1137 1303 sed
1168 1269 1242 1302 talia
1273 1267 1471 1302 facientibus
1492 1274 1547 1302 aut
1564 1268 1679 1301 facere
1700 1267 1912 1302 molientibus
1933 1268 2164 1302 contradicant

290 1331 426 1364 realiter
462 1335 492 1364 et
533 1333 581 1363 eis
620 1341 657 1363 se
697 1335 867 1376 opponant
896 1330 1038 1364 fideliter
1067 1334 1134 1364 toto
1165 1340 1276 1375 posse.
1333 1328 1447 1362 Eciam
1477 1340 1542 1363 non
1572 1334 1697 1374 ponant
1726 1340 1788 1362 nec
1818 1328 2006 1363 volentibus
2036 1339 2164 1374 ponere

289 1394 522 1431 consenc-iant„
553 1396 587 1425 ut
615 1396 734 1436 gentes
764 1403 822 1425 seu
854 1391 1005 1425 homines
1035 1394 1237 1436 quicumque
1267 1391 1306 1424 ad
1338 1390 1454 1424 domos
1484 1390 1646 1424 dictorum
1677 1390 1887 1423 dominorum
1917 1394 2083 1436 ponantur
2104 1400 2164 1423 seu

291 1452 455 1494 locentur„
486 1455 549 1486 nisi
579 1452 643 1486 hoc
672 1452 773 1486 fuerit
803 1452 843 1486 de
873 1452 1083 1498 beneplacito
1113 1452 1244 1498 capituli
1274 1463 1333 1485 seu
1363 1451 1403 1485 de
1432 1451 1574 1495 illorum,
1605 1462 1745 1496 quorum
1777 1454 1847 1496 ipse
1878 1451 1995 1485 domus
2012 1455 2087 1485 sunt
2107 1453 2174 1484 aut'

290 1516 321 1546 in
361 1524 501 1558 quorum
542 1518 707 1559 potestate
747 1516 945 1554 consistunt„
990 1513 1128 1547 licencia
1160 1518 1191 1547 et
1221 1523 1385 1559 expresso
1416 1523 1594 1551 consensu„
1638 1514 1679 1545 ita
1712 1517 1834 1555 tamen,
1877 1512 1965 1557 quod
1994 1514 2057 1558 ipsi
2086 1521 2164 1546 suas

289 1574 409 1607 domus
448 1574 555 1608 taliter
592 1577 805 1620 premuniant
841 1579 873 1608 et
908 1575 1109 1617 custodiant,
1149 1586 1191 1608 ne
1220 1573 1316 1608 nobis
1346 1578 1377 1607 et
1406 1576 1531 1607 civitati
1560 1578 1675 1607 nostre
1704 1573 1781 1607 inde
1811 1573 1954 1619 dampna
1984 1577 2016 1606 et
2045 1572 2163 1607 insidie

289 1634 486 1668 inferantur.
546 1635 579 1669 ln
621 1646 761 1681 quorum
800 1639 947 1669 onmium
987 1639 1019 1669 et
1057 1635 1263 1680 singulorum
1300 1637 1542 1680 premissorum
1571 1636 1796 1668 testimonium
1827 1638 1859 1668 et
1887 1633 1989 1668 robur
2018 1633 2163 1679 sigillum

290 1700 440 1729 nostrum
471 1696 511 1730 de
541 1701 631 1730 certa
663 1702 776 1730 nostra
806 1692 953 1730 sciencia
983 1701 1015 1730 et
1045 1697 1201 1730 mandato
1231 1695 1443 1742 presentibus
1473 1700 1521 1729 est
1552 1706 1748 1741 appensum.
1778 1695 1899 1729 Datum
1921 1694 2056 1728 Brunne
2077 1704 2163 1728 anno

291 1756 417 1790 domini
447 1757 621 1791 millesimo
652 1760 891 1792 trecentesimo
921 1760 1142 1802 nonagesimo
1172 1762 1282 1800 sextQ
1312 1756 1450 1790 sabbato
1471 1759 1626 1802 proximo
1647 1760 1722 1801 post
1742 1755 1862 1790 festum
1884 1758 1990 1789 sancti
2010 1754 2163 1789 Bartho-

290 1817 389 1851 lomei
420 1818 561 1863 apostoli
591 1818 743 1863 gloriosi.

604 1923 678 1959 (Auf
705 1923 755 1949 der
780 1924 924 1949 Plicatur:
949 1923 993 1949 Ad
1019 1923 1185 1948 mandatum
1210 1923 1318 1949 dunnini
1343 1922 1515 1948 marchionis
1539 1922 1670 1948 Andreas
1695 1922 1830 1949 decanus.
1858 1936 1895 1941 -—
1921 1922 2000 1956 Orig.
2026 1923 2108 1957 Perg.
2135 1922 2162 1949 h.

499 1975 556 2009 sig.
583 1975 619 2000 im
644 1975 796 2002 fiirsterzb.
822 1976 948 2001 Archive
974 1975 1001 2000 in
1027 1971 1198 2013 Kremsier.)
1227 1991 1263 1994 -ψ

1168 2139 1275 2174 341.

298 2218 411 2255 Peter,
448 2218 605 2252 Minister
643 2219 704 2252 <ier
747 2218 1148 2263 bolmae'scloe—polnisclzen
1178 2216 1767 2260 Fanz-islfauer-0rdemprom’uz,
1807 2216 1951 2259 erman,
1990 2217 2072 2250 dass
2101 2216 2163 2250 ‹iet-

297 2278 430 2322 I'raqer
474 2278 689 2323 Erz-bisclwf
739 2278 907 2324 Wolsram
946 2281 979 2312 in
1025 2280 1079 2312 die
1121 2278 1398 2322 Confraternitn't
1428 2278 1486 2311 (le-s·
1526 2277 1953 2311 Frauza'sltaner-Ordens
1990 2279 2058 2322 auf
2089 2278 2163 2312 dem

397 2339 729 2384 Prorinz-z'aleapitel
764 2342 795 2373 iu
839 2340 938 2373 Glale·
968 2342 1226 2384 aufyenommeu
1257 2339 1381 2372 nmrde.
1424 2338 1481 2372 Dt.
1516 2338 1615 2371 (ilatz,
1643 2337 1677 2371 8.
1710 2338 1915 2383 September
1946 2337 2058 2373 1396.

445 2415 770 2471 Revervndissimo
808 2440 836 2470 in
878 2436 1011 2470 Christo
1051 2438 1133 2481 patri
1168 2447 1206 2468 ac
1237 2435 1371 2469 domino
1401 2435 1534 2468 domino
1566 2435 1756 2469 wolfi-amo
1787 2435 1911 2479 divina,
1955 2448 2019 2482 que
2049 2439 2081 2470 iu
2110 2439 2160 2470 sui
2192 2472 2194 2474 ,

288 2499 516 2544 disposicione
556 2509 620 2531 non
661 2498 785 2531 fallitur
821 2497 1039 2543 providencia
1079 2501 1194 2529 sancte
1233 2496 1412 2541 Pragensis
1443 2496 1587 2529 ecclesie
1617 2496 1874 2543 archiepiscopo
1905 2497 2161 2543 dignignissimo

285 2558 371 2603 (sic)
412 2560 515 2592 frater
554 2558 671 2592 Petrus
710 2558 835 2591 ordinis
873 2557 1009 2591 fratrum
1042 2560 1205 2590 minorum
1245 2568 1304 2602 per
1341 2559 1549 2602 provinciam
1591 2557 1751 2591 Bolicmie
1781 2562 1813 2591 et
1844 2557 1979 2591 Polonie
2010 2561 2160 2593 minister

286 2624 318 2652 et
358 2630 491 2661 servus,
534 2624 714 2664 vestroque
752 2618 946 2652 venerande
985 2621 1192 2664 paternitatis
1231 2622 1344 2651 orator
1383 2621 1414 2650 et
1443 2618 1598 2651 servulus
1629 2623 1767 2651 auctore
1797 2619 1860 2652 deo
1890 2630 2025 2665 semper
2054 2618 2160 2653 fidelis

285 2682 471 2713 orationum
516 2680 684 2713 humilium
728 2681 918 2712 csmtinumn
962 2678 1170 2712 sedulitatem
1214 2682 1313 2723 atque
1352 2682 1425 2723 post
1463 2681 1530 2712 vite
1569 2681 1735 2724 presentis
1776 2679 1907 2713 l'eliccm'
1937 2682 2061 2713 exitum
2097 2682 2156 2713 in—
