2313 3090
1190 362 1300 399 256.

306 442 410 475 Pabst
438 442 590 486 Bonifaz·
621 441 683 475 IX.
716 442 927 484 incorporet
956 441 1028 473 dem
1060 440 1202 474 Kloster
1232 439 1329 473 Sam·
1359 441 1414 473 die
1454 440 1600 485 Psoi-ren
1640 443 1671 473 in
1703 440 1810 478 Saar,
1852 440 2021 474 Laztteitz.
2057 439 2175 473 Ober-

773 501 918 534 Bobrau
950 502 1017 534 und
1046 500 1158 534 Saitz.
1191 500 1246 533 Dt.
1281 500 1368 533 Rom
1402 500 1458 534 18.
1492 501 1567 535 Mai
1598 501 1706 535 1395.

469 579 682 631 Bonil'acius
712 600 890 643 episcopus
921 608 1042 630 servus
1071 607 1250 630 servorum
1272 596 1325 630 dei
1346 597 1474 631 dilectis
1496 597 1569 631 liliis
1590 597 1700 630 abbati
1721 601 1753 630 et
1773 599 1956 630 conventui
1985 598 2179 630 monasterii

306 659 419 692 Fontis
458 658 554 692 beate
592 658 699 692 Mai-ie
739 661 881 702 virginis
918 661 949 691 in
989 658 1064 692 Sar.
1109 657 1343 691 Cisterciensis
1382 658 1506 691 ordinis
1554 658 1734 702 Pragensis
1772 657 1929 697 diocesis„
1965 656 2105 691 salutem
2149 661 2179 690 et

305 720 520 765 apostolicam
552 719 838 752 benediccionem.
872 718 978 752 Sacre
1007 723 1122 752 vestre
1153 718 1337 763 religionis„
1368 718 1428 752 sub
1458 730 1521 764 qua
1561 718 1718 751 devotum
1756 722 1788 751 et
1823 717 1973 751 sedulum
2012 717 2180 751 exhibetis

307 781 464 814 allissimo
495 780 699 815 famulauun.
730 786 942 825 promeretur
972 779 1144 822 honestas7
1176 783 1207 812 ut
1239 782 1325 812 votis
1357 782 1478 813 vestris
1510 783 1540 812 in
1571 778 1632 812 hiis
1662 781 1852 824 presertim,
1883 790 1943 824 per
1972 790 2036 824 que
2059 781 2181 812 vestris

307 846 337 874 et
368 840 515 874 eiusdem
547 844 739 874 monasterii
771 840 961 874 utilitatibus
991 840 1186 875 consulitur.
1217 839 1449 873 favorabiliter
1478 850 1674 873 annuamus.
1705 838 1862 872 Exhibita
1893 839 2056 884 siquidem
2085 838 2182 872 nobis

310 913 414 947 nuper
444 913 502 946 pro
532 906 626 947 parte
657 906 769 935 vestra
801 905 922 948 peticio
953 900 1156 943 continebat‚
1187 901 1273 946 quod
1305 901 1425 934 dietum
1458 904 1605 933 vestrum
1643 904 1896 935 monasterium.
1933 903 1966 933 in
2002 910 2067 944 quo
2106 899 2182 933 olim

308 973 449 1006 magnus
478 974 637 996 numerus
667 963 902 1007 religiosorum
935 962 1074 1008 predicti
1104 962 1230 995 ordinis
1261 973 1337 995 esse
1367 966 1397 995 et
1429 965 1534 994 eciam
1566 960 1772 1006 hospitalitas
1809 972 1875 994 non
1913 960 2045 995 modica
2076 963 2183 994 teneri

308 1028 339 1056 et
369 1022 544 1057 observari
574 1026 749 1056 consuevit
780 1028 811 1056 et
841 1026 960 1068 ingens
991 1023 1124 1056 divinus
1154 1023 1259 1056 cultus
1290 1025 1408 1066 viguit.
1439 1034 1477 1055 ac
1508 1022 1606 1054 multa
1637 1020 1759 1055 fiebant
1790 1032 1893 1067 opera
1922 1024 2066 1068 pietatisq
2096 1032 2184 1055 cau-

308 1084 454 1118 santibus
484 1087 617 1128 guerris
647 1088 677 1117 et
708 1084 779 1117 aliis
809 1083 1063 1127 calamitatibus,
1094 1094 1157 1129 que
1200 1088 1311 1129 partes
1342 1086 1430 1128 ipsas
1464 1082 1654 1124 allixerunt,
1691 1085 1723 1115 in
1752 1085 1820 1116 suis
1850 1082 2060 1116 facultatibus
2098 1082 2183 1116 adeo

309 1145 501 1178 diminutum
548 1149 608 1178 est.
652 1144 738 1189 quod
785 1144 900 1178 solitus
938 1144 1125 1178 huiusmodi
1158 1156 1315 1178 numerus
1346 1144 1583 1188 religiosorum
1614 1143 1842 1189 predictorum
1872 1146 2064 1178 sustentari.
2095 1148 2184 1177 tanta

311 1206 516 1251 hospitalitas
545 1205 721 1239 observari
751 1217 790 1239 ac
821 1206 1009 1239 huiusmodi
1038 1206 1170 1239 divinus
1200 1204 1306 1237 cultus
1336 1207 1445 1248 vigeri
1476 1209 1507 1237 et
1536 1214 1638 1250 opera
1669 1206 1800 1249 pietatis
1830 1203 1913 1247 fieri,
1943 1208 1976 1237 ut
2005 1203 2076 1238 fieri
2097 1215 2186 1238 con-

310 1270 431 1301 suevit.
463 1270 492 1300 in
524 1267 642 1300 eodem
673 1267 851 1300 commode
880 1278 946 1300 non
977 1267 1100 1300 valent.
1133 1266 1245 1307 Quare
1276 1276 1336 1310 pro
1366 1269 1461 1310 parte
1491 1269 1603 1298 vesu-a
1634 1263 1730 1298 nobis
1760 1264 1819 1298 fuit
1849 1264 2017 1298 humiliter
2055 1265 2186 1311 suppli-

309 1333 431 1370 catum,
461 1332 493 1360 ut
524 1330 553 1360 in
585 1328 780 1361 relevamen
810 1331 1051 1373 premissorum
1081 1330 1112 1361 in
1143 1327 1218 1361 Sar.
1250 1329 1279 1359 in
1312 1326 1461 1359 Lauzans
1490 1328 1520 1358 in
1551 1324 1719 1359 Bobravia
1749 1328 1915 1371 superiori
1940 1329 1973 1359 et
2001 1328 2033 1359 in
2053 1325 2187 1371 Zagecz

312 1388 541 1434 parrochiales
583 1389 747 1422 ecclesias
800 1388 1035 1422 Olomucensis
1083 1388 1246 1421 diocesis.
1291 1398 1355 1432 que
1402 1391 1435 1419 ut
1484 1389 1634 1420 asseritis
1682 1386 1722 1419 de
1769 1389 2039 1432 iul-epatronatus
2085 1389 2188 1432 ipsius

317 1452 509 1483 monasterii
540 1452 685 1482 existunt
716 1454 748 1482 et
777 1461 915 1494 quarum
947 1449 1168 1494 quadraginta
1199 1448 1306 1481 eidem
1338 1450 1553 1489 monasterim
1584 1450 1677 1480 cuius
1707 1450 1946 1492 quinquaginta
1976 1447 2186 1481 marcharum

312 1513 441 1554 argenti
481 1513 552 1555 puri
592 1510 730 1543 l'ructus.
767 1510 914 1543 redditus
952 1515 984 1543 et
1026 1514 1210 1555 proventus
1253 1509 1434 1542 sumundum
1478 1519 1689 1541 communem
1733 1511 1992 1542 extimacionem
2036 1508 2187 1542 valorem

313 1581 455 1604 annuum
495 1575 527 1603 ut
566 1573 715 1604 asseritis
752 1582 816 1604 non
854 1571 1033 1604 excedunt.
1073 1575 1235 1616 perpetuo
1273 1573 1504 1615 incorporare„
1543 1573 1725 1603 annectere
1768 1573 1799 1602 et
1839 1571 1934 1602 unire
1969 1569 2009 1602 de
2051 1568 2190 1614 speciali

313 1635 427 1676 gracia
467 1631 693 1675 dignaremur.
753 1630 822 1664 Nos
859 1634 960 1675 igitur
990 1631 1178 1665 huiusmodi
1218 1629 1521 1677 supplicacionilms
1550 1630 1695 1663 inclinati
1725 1629 1892 1675 predictas
1922 1629 2085 1663 ecclesias
2114 1640 2188 1663 cum

314 1691 468 1726 omnibus
497 1691 623 1725 iuribus
653 1696 682 1725 et
713 1695 931 1737 pertinenciis
961 1696 1028 1726 suis
1050 1692 1158 1725 eidem
1182 1695 1386 1726 monasterio
1417 1694 1615 1725 auctoritate
1635 1690 1817 1736 apostolica
1839 1695 1956 1724 tenore
1977 1693 2189 1736 presencium

314 1757 556 1799 imperpetuum
604 1757 870 1798 incorporamus.
915 1756 1124 1786 annectimus
1167 1758 1198 1786 et
1239 1756 1380 1795 uniruus,
1424 1755 1466 1785 ita
1506 1751 1591 1796 quod
1626 1749 1822 1784 cedentibus
1858 1750 1912 1784 vel
1951 1750 2191 1784 decedentibus

315 1815 444 1847 dilectis
482 1813 556 1847 filiis
594 1813 782 1847 rectoribus
820 1817 964 1859 ipsarum
1005 1815 1238 1857 ecclesiarum,
1278 1817 1331 1858 qui
1368 1824 1454 1847 nunc
1497 1817 1571 1846 sunt
1613 1811 1667 1845 vel
1710 1811 1781 1844 illas
1818 1811 1899 1845 alias
1941 1810 2190 1856 quomodolibet

316 1875 567 1908 dimittentibus.
599 1875 696 1908 liceat
732 1874 829 1909 vobis
867 1875 1079 1920 corporalem
1116 1878 1366 1921 possessionem
1405 1877 1549 1919 ipsarum
1579 1873 1799 1906 ecclesiarum
1829 1875 2028 1906 auctoritate
2056 1875 2191 1918 propria

316 1936 420 1969 libere
451 1936 707 1981 apprehendere
737 1941 767 1969 et
798 1940 961 1982 perpetuo
990 1939 1138 1970 retinere
1168 1947 1353 1980 omnesque
1393 1935 1531 1968 fructus.
1570 1933 1718 1968 redditus
1757 1938 1787 1967 et
1826 1937 2011 1979 proventus
2046 1936 2191 1979 ipsarum

316 1997 536 2030 ecclesiarum
582 2000 612 2029 in
651 1987 747 2030 usus
772 2000 927 2042 proprios
958 1999 988 2030 in
1019 1999 1312 2042 supportacionem
1343 2007 1481 2030 onerum
1512 1995 1738 2041 predictorum
1770 1999 1971 2028 convertere
2009 2005 2049 2028 ac
2086 1996 2192 2027 eciam

318 2058 492 2103 deputare.
533 2061 688 2102 ipsasque
727 2057 889 2091 ecelesias
934 2062 964 2090 et
1008 2068 1121 2090 curam
1166 2057 1467 2103 parrochianorum
1511 2056 1692 2090 earundem
1738 2067 1798 2101 per
1833 2055 1973 2089 idoneos
2010 2054 2194 2089 monachos

318 2119 466 2152 eiusdem
499 2121 705 2157 monasterii,
723 2130 782 2164 per
812 2118 964 2151 abbatem
996 2118 1072 2151 dicti
1095 2120 1288 2151 monasterii
1311 2129 1371 2163 pro
1394 2122 1544 2163 tempore
1574 2120 1775 2150 existentem
1807 2117 1968 2150 duntaxat
1997 2120 2029 2150 et
2057 2115 2096 2149 ad
2123 2118 2195 2149 eius

319 2184 430 2213 nutum
462 2179 635 2224 ponendos
666 2184 695 2212 et
727 2180 967 2217 removendos„
984 2182 1057 2224 regi
1075 2180 1202 2214 l'accre.
1224 2179 1394 2213 diocesani
1417 2179 1478 2212 loci
1511 2189 1570 2224 pro
1592 2183 1743 2223 tempore
1764 2181 1940 2212 existentis
1960 2182 1992 2211 et
2021 2175 2195 2210 cuiuslibet

320 2241 456 2273 alterius
488 2240 626 2273 licencia
658 2240 710 2273 vel
741 2251 881 2273 assensu
912 2251 1013 2285 super
1042 2240 1107 2273 hoc
1137 2243 1272 2273 minime
1303 2243 1484 2285 requisitis.
1534 2239 1696 2272 Volumus
1726 2243 1849 2273 autem.
1880 2238 1966 2284 quod
1997 2241 2029 2272 in
2057 2237 2196 2284 prefatis

320 2301 475 2334 ecelesiis
505 2301 620 2334 solitus
651 2303 877 2334 ministrorum
909 2312 1069 2334 numerus
1098 2301 1286 2334 nullatenus
1317 2303 1482 2334 minuatur
1512 2304 1541 2332 et
1574 2299 1650 2333 inibi
1682 2300 1896 2333 deserviatur
1925 2297 2135 2333 laudabiliter
2165 2300 2196 2331 in

321 2362 443 2394 divinis
473 2374 511 2394 ac
543 2361 729 2395 huiusmodi
761 2373 840 2394 cura
870 2372 930 2407 pro
962 2366 1113 2407 tempore
1143 2362 1323 2406 diligenter
1344 2365 1558 2395 exerceatur.
1581 2365 1611 2394 ut
1635 2360 1703 2394 lieri
1724 2360 1884 2394 hactenus
1914 2364 1964 2394 est
1985 2363 2195 2393 consuetum.

322 2427 350 2454 et
383 2422 468 2466 quod
501 2426 569 2455 iura
600 2422 802 2467 episcopalia
833 2426 866 2455 et
894 2422 956 2455 alia
989 2425 1135 2468 ipsarum
1166 2422 1385 2456 ecclesiarum
1417 2433 1520 2455 onera
1551 2426 1711 2455 consueta
1742 2424 1920 2455 teneamini
1950 2423 2082 2465 integre
2110 2430 2196 2466 sup-

322 2488 467 2528 portare.
501 2482 573 2516 Non
603 2482 811 2516 obstantibus
841 2482 1142 2517 constitucionilms
1172 2488 1201 2516 et
1233 2482 1505 2516 ordimicioniluis
1535 2482 1728 2527 apostolicis
1758 2494 1797 2515 ac
1826 2484 1955 2515 statutis
1985 2485 2017 2515 et
2045 2491 2196 2514 consue-

323 2543 488 2576 tudinibus
520 2547 711 2576 :nonasterii
743 2548 775 2577 et
812 2544 938 2577 ordinis
969 2544 1195 2589 predictorum
1227 2543 1480 2589 quibuscunque
1510 2546 1688 2576 contrariis
1715 2546 1914 2585 iuramento,
1935 2541 2197 2576 confirmacione

323 2604 506 2648 apostolica
539 2604 590 2636 wi
613 2616 810 2649 quacunque
830 2604 985 2638 firmitate
1007 2604 1069 2637 alia
1092 2604 1280 2646 roborattsg
1310 2615 1368 2637 scu
1391 2607 1416 2637 si
1440 2603 1538 2648 aliqui
1559 2615 1660 2648 super
1682 2602 1930 2649 provisionibus
1951 2601 2012 2636 sibi
2033 2601 2196 2635 faciendis

324 2663 363 2696 de
395 2663 580 2697 huiusmodi
613 2664 789 2709 parrochia
822 2664 1065 2699 ibuslccclesiis
1095 2670 1147 2698 aut
1179 2665 1250 2698 aliis
1273 2664 1443 2698 beneficiis
1465 2665 1703 2697 ecclesiasticis
1726 2667 1756 2697 in
1778 2663 1839 2696 illis
1861 2662 2008 2709 partibus
2033 2661 2196 2708 speciales
