2313 3090
1029 207 1104 242 237

129 315 285 351 habuisse
323 326 383 349 seu
412 318 445 348 in
474 315 618 348 futurum
655 317 864 348 committere
894 314 949 347 vel
978 314 1092 347 facere
1127 317 1180 347 aut
1220 313 1379 347 mandare
1418 312 1502 357 fieri.
1539 318 1593 347 aut
1623 324 1739 347 eorum
1779 316 1913 347 nomine
1947 314 2002 346 vel

130 377 283 411 mandato
313 375 400 410 facta
437 386 497 409 seu
536 378 715 409 commissa
752 380 822 409 rata
861 380 891 408 et
930 379 1026 420 grata
1066 373 1205 409 habere.
1243 377 1270 408 si
1309 374 1498 419 singulares
1528 385 1673 420 persone
1711 378 1784 408 sive
1814 374 1854 408 ab
1885 375 2004 408 eodem

129 449 258 473 canone
296 449 355 471 seu
391 439 513 482 vigore
552 439 776 470 monicionum
807 436 996 470 huiusmodi
1035 438 1318 470 excommunicati
1348 437 1422 469 sint.
1464 438 1777 469 excommunicatos
1811 438 2004 469 nominatim

129 498 276 533 candelis
306 500 471 531 accensis.
502 500 530 531 si
559 508 643 530 vero
672 500 911 530 universitates
940 508 1000 530 seu
1021 498 1277 530 communitates
1299 498 1469 529 extiterint
1491 501 1521 530 et
1544 495 1789 530 monicionibus
1815 496 2005 530 huiusmodi

128 570 194 593 non
222 561 406 605 paruerint,
437 569 496 592 eos
519 560 625 591 eciam
647 560 840 591 nominatim
862 560 1009 603 ipsorum
1032 560 1177 591 omnium
1200 561 1229 590 et
1251 557 1471 602 singularium
1493 568 1713 603 personarum
1735 560 2004 591 universitatum.

130 622 403 654 communitatum
434 619 560 653 eisdem
592 618 835 652 monicionibus
864 630 930 652 non
960 621 1167 664 parencium.
1198 621 1364 655 civitates.
1404 619 1513 664 opida.
1553 623 1662 652 castra
1693 623 1813 662 terras,
1843 618 1940 652 villas
1971 623 2001 652 et

112 677 202 715 'loca
231 680 407 714 interdicta
438 679 560 713 tamdiu
590 678 707 713 diebus
737 679 912 713 (lominicis
942 684 971 713 et
1003 678 1133 713 festivis
1161 683 1195 713 in
1224 679 1377 713 ecclesiis
1407 684 1505 725 atque
1540 679 1635 713 locis.
1675 682 1706 713 in
1745 679 1864 725 quibus
1902 678 2000 713 vobis

129 740 297 776 videbitur
325 740 500 787 expedire.
530 751 604 774 cum
636 743 741 774 maior
770 740 867 774 fuerit
899 743 929 774 in
970 743 1018 774 eis
1049 741 1130 774 cleri
1169 745 1199 774 et
1239 740 1350 786 populi
1390 741 1574 783 multitudo.
1613 740 1743 786 publice
1777 743 1942 775 nuncietis
1973 744 2005 774 et.

129 802 259 836 faciatis
289 801 329 835 ab
359 801 431 835 aliis
461 804 623 843 nunciari.
655 804 813 846 ipsosque
843 805 1154 836 excommunicatos
1184 800 1224 835 ab
1255 801 1408 835 omuibus
1437 805 1568 835 arccius
1599 805 1731 837 evitari.
1762 802 1869 836 donec
1903 813 2006 847 super

130 863 193 898 hiis
222 863 450 898 satisfecerint
478 867 720 908 competenter.
753 867 783 896 et
805 874 879 896 cum
900 866 1025 897 vestris
1046 863 1163 896 litteris
1184 865 1233 896 rei
1255 866 1431 896 veritatem
1453 862 1700 897 continentibus
1725 863 1764 896 ad
1787 862 2005 909 apostolicam

131 924 245 959 sedem
276 927 430 958 venerint
460 934 519 970 pro
549 923 776 957 absolucionis
805 923 845 957 ab
867 926 1225 958 excommunicacione
1243 923 1391 969 predicta
1414 928 1445 957 et
1467 924 1633 957 interdicti
1656 923 1844 957 huiusmodi
1864 923 2006 957 relaxa-

131 989 237 1020 cionis
273 984 445 1019 beneficiis
483 984 683 1019 obtinendis.
721 984 792 1018 Nos
830 988 930 1027 enim,
960 996 1002 1019 ne
1032 984 1093 1018 sub
1129 995 1188 1030 spe
1228 987 1327 1018 venie
1357 985 1596 1029 consequende
1626 985 1768 1018 faciliter
1805 987 2005 1018 intentivum

130 1046 344 1092 delinquendi
373 1045 537 1091 aliquibus
567 1045 707 1080 forsitan
736 1045 927 1091 prebeatur,
958 1045 1209 1079 absolucionem
1247 1045 1287 1079 ab
1327 1049 1719 1079 excommunicaciouum
1759 1048 1940 1079 sentenciis
1975 1048 2006 1078 et

130 1107 381 1141 relaxacionem
412 1118 471 1141 seu
501 1109 755 1152 suspensionem
786 1107 952 1140 interdicti
982 1105 1171 1140 huiusmodi
1201 1105 1296 1147 uobis
1327 1106 1381 1140 vel
1410 1105 1666 1140 successoribus
1696 1109 1819 1140 nostris
1844 1105 2006 1140 Romanis

130 1167 341 1215 pontificibus
370 1167 599 1202 tantummodo
630 1179 868 1209 reservamus;
898 1171 939 1200 ita
970 1167 1138 1208 videlicet,
1170 1167 1256 1212 quod
1288 1167 1394 1201 nullus
1424 1172 1638 1213 preterquam
1667 1170 1699 1201 in
1728 1170 1845 1201 mortis
1866 1166 2006 1200 articulo

130 1241 318 1275 quenquam
339 1228 380 1263 ab
416 1231 810 1263 excommunicaciouum
840 1231 1020 1262 sentenciis
1050 1228 1238 1261 huiusmodi
1268 1227 1447 1262 absolvere
1477 1231 1592 1274 possit.
1641 1227 1799 1262 Ceterum
1835 1231 1861 1261 si
1892 1227 2007 1261 forsan

130 1290 357 1337 predictorum
388 1289 577 1324 huiusmodi
615 1290 780 1323 scelerum
826 1294 1031 1335 patratorum
1061 1293 1093 1322 et
1131 1291 1380 1335 receptaucium
1411 1300 1483 1333 eos,
1513 1301 1620 1334 eaque
1660 1289 1731 1323 fieri
1762 1288 2006 1325 mandancium.

130 1351 277 1394 ipsisque
314 1347 467 1381 dancium
497 1350 529 1381 in
558 1346 620 1380 illis
649 1358 710 1392 per
738 1359 775 1381 se
796 1348 849 1382 vel
871 1348 968 1383 alium
999 1349 1053 1383 vel
1082 1350 1164 1383 alios
1196 1349 1322 1383 dtrecte
1352 1350 1406 1384 vel
1437 1350 1609 1386 indirecte,
1639 1350 1769 1396 publice
1790 1348 1855 1383 'vel
1876 1349 2006 1383 occulte

131 1409 302 1451 auxilium,
332 1408 507 1442 consilium
534 1408 590 1442 vel
610 1408 763 1442 favorem
792 1414 967 1454 presencia
998 1421 1058 1456 pro
1089 1410 1332 1450 monicionibus
1360 1416 1392 1444 et
1421 1411 1700 1456 requisicionibus
1729 1410 1917 1444 huiusmodi
1948 1421 2007 1443 seu

130 1469 348 1506 citacionibus
365 1469 405 1503 de
420 1471 501 1515 ipsis
517 1468 679 1504 faciendis
695 1473 743 1503 eis
760 1481 880 1504 secure
896 1471 950 1504 vel
966 1472 1143 1506 commode
1160 1471 1284 1505 habere
1300 1475 1454 1517 nequiret
1470 1471 1566 1506 vobis
1584 1475 1790 1506 moniciones
1807 1477 1838 1505 et
1855 1474 2005 1517 requisi-

131 1536 247 1568 ciones
276 1531 465 1567 huiusmodi
495 1535 527 1564 et
557 1533 738 1565 citaciones
755 1530 917 1576 quaslibet
948 1543 1008 1577 per
1028 1532 1136 1566 edicta
1157 1532 1286 1578 publica
1308 1536 1339 1566 in
1360 1533 1441 1567 locis
1462 1532 1628 1578 affigenda
1649 1533 1801 1579 publicis.
1827 1533 1868 1567 de
1889 1532 2007 1578 quibus

131 1597 173 1629 sit
188 1593 379 1628 verisimilis
395 1595 601 1635 coniectura.
623 1592 710 1637 quod
732 1592 772 1626 ad
789 1595 945 1626 noticiam
967 1595 1142 1626 citatorum
1165 1598 1195 1627 et
1218 1597 1419 1628 monitorum
1441 1593 1629 1628 huiusmodi
1649 1597 1831 1640 pervenire
1859 1594 2006 1628 valeant.

132 1655 276 1690 faciendi
291 1655 423 1701 plenam
439 1654 656 1688 concedimus
672 1657 788 1687 tenore
805 1657 1017 1699 presencium
1034 1653 1235 1688 facultatem.
1258 1654 1298 1688 Et
1314 1655 1482 1689 volumus.
1500 1655 1585 1701 quod
1604 1658 1812 1690 moniciones
1828 1667 1867 1689 ac
1888 1658 2007 1700 requi-

132 1718 278 1750 siciones
307 1719 340 1749 et
368 1717 552 1749 citaciones
581 1714 769 1748 huiusmodi
800 1714 938 1760 perinde
968 1717 1058 1760 ipsos
1087 1717 1218 1757 citatos.
1256 1719 1435 1761 requisitos
1474 1721 1505 1750 et
1544 1720 1698 1750 monitos.
1734 1721 1767 1750 ut
1796 1719 2006 1762 premittitur.

94 1808 100 1816 .
132 1781 272 1817 arctent,
303 1787 343 1810 ac
371 1779 399 1810 si
428 1778 476 1809 eis
505 1774 593 1809 facte
623 1779 655 1809 et
684 1777 850 1808 insinuate
879 1775 1134 1821 presencialiter
1164 1781 1195 1810 et
1225 1777 1447 1822 personaliter
1467 1780 1666 1811 extitissent.
1703 1777 1778 1811 Non
1799 1777 2007 1812 obstantibus

132 1843 198 1872 tam
234 1837 341 1872 felicis
378 1836 630 1871 recordacionis
669 1835 834 1870 Bonifacii
872 1847 957 1882 pape
996 1835 1074 1870 VIII
1109 1837 1364 1882 predecessoris
1403 1841 1518 1873 nostri.
1558 1842 1590 1872 in
1629 1838 1748 1884 quibus
1782 1843 1934 1873 cavetur.
1964 1850 2006 1872 ne

132 1899 251 1944 aliquis
286 1902 381 1932 extra
420 1909 513 1932 suam
553 1900 723 1931 civitatem
764 1902 794 1930 et
834 1897 1006 1931 diocesim.
1046 1900 1106 1930 nisi
1144 1900 1174 1931 in
1212 1901 1312 1932 certis
1342 1901 1494 1944 exceptis
1531 1899 1676 1941 casibus.
1707 1903 1799 1934 etin
1829 1899 1890 1933 illis
1920 1899 2003 1933 ultra

132 1970 231 1994 unam
261 1960 381 1993 dietam
412 1970 430 1992 a
458 1958 525 1993 fine
553 1970 613 1992 sue
643 1958 787 1992 diocesis
817 1958 858 1992 ad
879 1958 1033 1992 iudicium
1065 1962 1238 1992 evocetur.
1261 1970 1319 1992 scu
1340 1970 1382 1992 ne
1403 1959 1529 1992 iudices
1550 1971 1566 1993 a
1588 1960 1669 1993 sede
1691 1961 1835 2006 deputati
1856 1961 2004 2006 predicta

133 2025 228 2055 extra
259 2023 428 2054 civitatem
458 2024 490 2054 et
519 2019 692 2061 diocesim.
723 2022 755 2052 in
785 2018 901 2064 quibus
932 2019 1076 2065 deputati
1099 2019 1231 2061 fuerint.
1253 2024 1368 2053 contra
1391 2031 1608 2065 quoscunque
1630 2021 1817 2067 procedere
1847 2024 1920 2056 sive
1950 2021 2004 2054 alii

134 2081 191 2116 vel
227 2081 299 2115 aliis
338 2084 432 2115 vices
461 2092 538 2115 suas
581 2082 789 2114 committere
832 2084 887 2129 aut
929 2080 1057 2125 aliquos
1099 2080 1182 2113 ultra
1227 2091 1323 2113 unam
1355 2080 1475 2114 dietam
1506 2092 1523 2114 a
1553 2081 1617 2115 fine
1647 2082 1792 2116 diocesis
1822 2083 2004 2116 eorundem

132 2141 268 2176 trahere
297 2146 502 2188 presumant,
532 2145 587 2175 aut
616 2141 656 2174 de
685 2140 812 2174 duabus
842 2141 936 2174 dietis
966 2143 997 2174 in
1028 2140 1170 2174 concilio
1199 2141 1363 2185 generali.
1395 2153 1492 2187 quam
1522 2142 1593 2176 aliis
1624 2142 1876 2188 quibuscunque
1915 2154 2004 2176 con—

133 2201 364 2237 stitucionibus
393 2213 410 2236 a
440 2200 740 2247 predecessoribus
769 2204 892 2234 nostris
922 2200 1082 2234 Romanis
1113 2200 1321 2247 pontificibus
1353 2206 1416 2235 tam
1448 2203 1488 2236 de
1518 2203 1680 2237 iudicibus
1711 2203 1874 2249 delegatis
1905 2215 2002 2249 quam

134 2265 287 2309 personis
317 2263 399 2296 ultra
430 2267 558 2296 certum
589 2273 763 2296 numerum
795 2262 835 2295 ad
866 2262 1021 2295 iudicium
1052 2273 1116 2295 uon
1147 2261 1318 2296 trahendis
1340 2267 1393 2295 aut
1415 2263 1486 2297 aliis
1508 2263 1615 2299 editis.
1647 2276 1709 2310 que
1733 2269 1845 2298 vestre
1867 2270 2003 2311 possent

134 2326 165 2357 in
186 2323 250 2357 hac
271 2327 364 2368 parte
392 2323 617 2356 iurisdiccioni
647 2327 701 2356 aut
730 2325 885 2368 potestati
915 2325 1052 2368 eiusque
1081 2321 1186 2355 libero
1217 2326 1388 2357 exercicio
1418 2324 1665 2369 quomodolibet
1697 2325 1858 2367 obviare;
1888 2338 1947 2360 seu
1977 2329 2003 2360 si

134 2382 297 2428 aliquibus
327 2386 548 2416 communiter
577 2383 633 2417 vel
661 2383 793 2416 divisim
823 2394 840 2416 a
871 2383 1020 2428 predicta
1050 2386 1089 2416 sit
1125 2383 1205 2416 sede
1236 2384 1406 2417 indultum.
1433 2384 1518 2429 quod
1556 2386 1719 2420 interdici.
1755 2387 1913 2433 suspendi
1950 2387 2004 2421 vel

134 2446 422 2478 excommunicari
451 2454 516 2477 non
547 2446 685 2489 possint.
716 2455 775 2489 per
805 2444 932 2478 litteras
970 2443 1172 2490 apostolicas
1210 2456 1275 2477 non
1316 2444 1476 2478 facientes
1513 2446 1643 2491 plenam
1675 2452 1707 2480 et.
1735 2459 1935 2493 expressam
1967 2460 2005 2482 ac

135 2504 176 2538 de
206 2503 312 2538 verbo
342 2504 380 2537 ad
403 2503 543 2537 verbum
575 2504 615 2537 de
636 2504 759 2537 indulto
780 2504 968 2538 huiusmodi
991 2508 1211 2538 mencionem.
1244 2505 1361 2538 Datum
1386 2505 1492 2539 Rome
1513 2507 1597 2552 apud
1620 2513 1770 2541 sanctum
1794 2508 1926 2542 Petrum
1947 2509 2004 2543 III.

136 2568 232 2599 nonis
265 2565 400 2610 Aprilis.
431 2563 640 2610 pontificatus
669 2568 773 2598 nostri
803 2576 890 2598 anuo
921 2570 1029 2598 sexto

448 2669 540 2703 [Orig.
567 2669 649 2702 Perg.
668 2670 719 2694 init
734 2669 859 2703 auliang.
884 2670 976 2703 piibst.
995 2670 1129 2701 Bleisisgel
1150 2671 1185 2695 im
1205 2681 1237 2695 ιιι.
1258 2672 1501 2697 I.2111‹l‹·.<-Arehiv
1528 2674 1588 2698 Art..
1615 2674 1719 2700 Bruck.
1746 2675 1786 2700 lit.
1812 2675 1843 2700 B.
1861 2685 1887 2702 n.
1908 2677 1951 2709 21»
1965 2676 2003 2707 h.)
