2313 3090
1018 193 1090 227 315

123 300 270 334 mortalis
301 300 433 333 celestis
462 298 628 345 pontificis
659 311 732 332 cum
764 299 890 332 cetibus
914 298 1076 342 angelicis
1106 297 1215 330 vultus
1236 299 1285 329 sui
1311 296 1495 329 claritatem
1517 294 1734 340 perhenniter
1755 294 1985 339 contemplari.

122 361 324 396 Pontificalis
353 366 467 395 vestre
496 363 627 406 pietatis
657 360 809 393 atl'cctum
835 362 1110 394 sincerissimum.
1141 368 1237 403 quem
1269 357 1307 389 ad
1329 355 1541 402 seraphicum
1563 358 1671 388 virum
1694 354 1987 399 beatissimumque

121 427 247 469 patrem
287 426 435 455 nostrum
474 421 691 455 Franciscum
729 422 901 454 l'erxenter
935 423 1051 465 geritis
1089 422 1257 465 ipsiusque
1296 428 1412 450 sacros
1450 416 1597 450 ordines.
1640 415 1796 449 videlicet
1835 415 1986 448 ordinem

123 488 271 517 nostrum
308 488 338 517 et
369 488 484 517 sancte
514 481 612 516 Clare
644 482 787 515 bracliiis
817 485 950 516 sineere
980 483 1127 514 caritatis
1156 478 1309 524 amplecti
1340 477 1497 522 dignatur
1527 482 1639 510 vestra
1670 476 1849 521 paternalis
1879 487 1988 509 reve-—

122 547 228 578 rentia
273 544 457 589 dignativa,
501 546 622 588 quique
665 555 706 576 ex
751 546 897 587 ingenita
937 546 1059 588 pietate
1098 544 1287 574 vestrorum
1326 538 1402 571 olim
1441 537 1565 571 celebri
1603 537 1689 571 fania
1727 540 1985 582 conspicuorum

123 608 376 651 progenitorum
418 616 520 650 super
560 615 623 637 vos
666 609 774 637 autem
819 607 991 648 signanter
1038 600 1213 647 superfusa
1256 598 1378 633 Christi
1427 602 1563 632 caritate
1605 609 1697 631 more
1742 609 1826 643 aque
1870 598 1988 631 ductus

82 698 101 710 ,⁷
123 666 281 700 divinitus
311 665 416 699 vividi
450 668 483 698 in
522 664 633 698 cordis
672 667 775 698 vestri
816 664 906 697 fonte
936 666 1082 697 cernitur
1111 664 1273 696 scaturire
1303 665 1336 693 et
1365 660 1485 693 exinde
1516 671 1575 705 per
1600 662 1735 704 copiosa
1767 658 1986 692 misercordie

122 738 223 772 opera
264 727 475 761 diversorum
514 725 811 770 largilluorumque
847 724 1085 758 beneficiorum
1116 723 1214 767 longe
1245 722 1376 766 lateque
1406 723 1610 766 conspicitur
1640 720 1797 753 derivari.
1841 724 1873 752 ut
1903 730 1987 752 vero

123 788 250 821 fructus
279 790 497 832 cognoscitur
527 798 570 819 ex
599 785 720 819 arbore
751 790 779 819 et
812 785 912 819 arbor
942 788 1059 818 merito
1089 783 1341 817 commendatur
1371 794 1413 815 ex
1444 782 1563 815 fructu.
1616 780 1751 814 Summa
1782 783 1883 825 igitur
1913 791 1987 813 cum

122 849 326 893 gratitudine
365 859 403 881 ac
442 846 610 881 uberrima
649 849 832 891 gratiarum
872 850 1003 879 actione
1042 850 1222 891 acceptans
1261 844 1373 878 divine
1403 842 1637 876 nichilominus
1667 844 1831 875 maiestati
1861 852 1926 874 11011
1956 844 1987 874 111

125 911 243 943 merito
272 908 346 942 fore
375 908 517 942 credens
548 906 801 953 acceptabilem,
832 912 861 940 ut
893 907 932 940 ab
963 909 1041 952 ipsis
1071 906 1240 939 ordinibus
1271 910 1383 939 vestra
1414 904 1697 938 reverendissima
1720 913 1864 948 persona
1887 914 1989 935 asse-

124 973 242 1015 quatur
278 969 542 1003 vicissitudinem
583 968 800 1013 spiritualium
841 967 1014 1001 bonorum.
1059 978 1098 1001 ea
1137 971 1274 1012 propter
1304 978 1368 1010 ego
1398 965 1623 1011 predictorum
1655 963 1805 996 ordinum
1838 965 1989 996 minister

124 1033 277 1075 quamvis
314 1030 471 1075 indignus
508 1034 655 1063 vestram
693 1028 919 1062 venerabilem
963 1039 1139 1074 personam
1178 1038 1240 1061 uua
1276 1038 1348 1060 cum
1380 1031 1492 1060 vestra
1523 1027 1686 1069 genitrice
1714 1024 1894 1069 predilecta
1926 1035 1989 1056 nec

123 1103 189 1126 non
225 1096 256 1125 et
293 1102 411 1125 omnes
447 1096 581 1125 vestros
617 1093 755 1124 amicos.
793 1101 1000 1135 quacumque
1038 1090 1123 1123 linea
1163 1088 1328 1122 affinitatis
1355 1091 1502 1121 vestram
1533 1089 1723 1131 graciosam
1754 1088 1986 1131 paternitatem

124 1155 360 1197 contingentes
398 1153 438 1186 ad
477 1157 590 1186 nostre
620 1151 823 1197 paupercule
853 1151 1024 1195 religionis
1054 1150 1359 1183 confraternitatem
1392 1160 1453 1182 nec
1484 1159 1548 1181 11011
1579 1152 1608 1181 et
1639 1147 1678 1180 ad
1709 1149 1818 1179 omnia
1850 1146 1987 1179 fratrum

124 1218 238 1247 nostre
266 1216 440 1259 provincie
469 1218 499 1246 et
529 1224 682 1246 sororum
713 1215 898 1246 orationum
930 1212 1085 1256 sutfragia
1116 1215 1146 1244 in
1177 1214 1243 1244 vita
1274 1212 1398 1256 pariter
1427 1214 1457 1242 et
1487 1212 1518 1242 in
1536 1213 1641 1242 morte
1663 1207 1829 1241 humiliter
1849 1209 1989 1252 recipio.
2027 1228 2029 1233 .

124 1274 254 1320 plenam
297 1274 395 1309 vobis
441 1273 604 1307 bonorum
650 1276 795 1307 omnium
842 1273 1056 1318 spiritualium
1103 1274 1389 1317 participationem
1433 1275 1550 1303 tenore
1595 1271 1798 1314 presentium
1842 1267 1989 1312 benigne

124 1335 342 1369 coneedendo
381 1339 412 1369 et
451 1335 633 1369 efficaciter
662 1334 857 1380 applicando
887 1334 925 1366 ad
957 1345 1006 1366 ea.
1051 1344 1114 1378 que
1143 1343 1202 1377 per
1231 1332 1337 1365 dictos
1366 1331 1500 1364 ordines
1530 1332 1661 1375 operari
1693 1328 1883 1374 dignabitur
1910 1328 1988 1361 cle-

124 1399 245 1430 mentia
275 1397 350 1430 almi
380 1396 525 1430 siderum
556 1395 749 1431 conditoris
781 1400 812 1428 ut
843 1406 915 1427 cum
938 1394 1098 1429 bonorum
1121 1393 1270 1426 laborum
1291 1392 1459 1437 gloriosus
1482 1390 1580 1424 fuerit
1600 1390 1835 1436 percipiendus
1857 1389 1986 1423 fructus

124 1460 210 1492 inter
238 1457 313 1491 illos
342 1457 499 1491 celicolas
528 1456 739 1490 beatissimos
769 1455 924 1489 videlicet
952 1454 1103 1500 presules
1133 1459 1163 1487 et
1193 1464 1255 1487 vos
1285 1456 1354 1499 ipsc
1384 1452 1464 1485 felix
1495 1451 1605 1498 presul
1636 1451 1773 1484 effectus
1795 1450 1990 1484 eternaliter

125 1521 319 1552 mereamini
357 1518 564 1564 dyademari.
621 1517 741 1551 Datum
780 1516 864 1562 apud
895 1515 996 1549 Glacz
1027 1520 1177 1561 tempore
1206 1516 1310 1547 nostri
1341 1513 1555 1559 provincialis
1585 1512 1718 1558 capituli
1748 1523 1835 1545 anno
1865 1511 1988 1544 domini

127 1579 225 1613 1396
255 1582 286 1613 in
316 1578 403 1613 festo
432 1581 615 1612 nativitatis
644 1580 785 1622 virginis
814 1577 962 1622 gloriose
993 1575 1164 1609 celebrati.

435 1710 480 1745 (In
506 1710 650 1744 impagine
675 1719 730 1735 von
756 1709 902 1735 Pulkavas
926 1708 1053 1733 Clirouik
1079 1708 1106 1732 in
1131 1707 1180 1732 der
1204 1706 1367 1732 Bibliothek
1394 1706 1442 1731 ‹le-s
1468 1704 1738 1737 Augustinerstiftes
1764 1704 1790 1729 111
1820 1704 1990 1736 Attin-unu.)

1001 1889 1111 1925 3⁴2.

124 1969 294 2003 Nikolaus
334 1969 485 2014 Bisa-hof
515 1981 576 2002 rou
611 1969 742 2002 (Jlnzmz-
778 1968 919 2002 ert-[art.
960 1968 1040 2000 (lass
1078 1979 1115 1999 er
1144 1967 1217 1999 (lem
1247 1965 1384 1999 Jolmnn
1418 1965 1666 1999 li'uelmiieister,
1702 1964 1921 2007 But-(syrasew
1955 1964 1987 1995 iu

124 2030 252 2064 Mirau.
282 2032 379 2063 einen
414 2030 510 2063 Tleee'l
538 2031 596 2063 (les
623 2029 750 2074 Dorfes
780 2029 989 2062 illilsolowilz-
1021 2027 1191 2060 vorlielwu
1223 2026 1320 2059 lmlw.
1350 2025 1404 2059 DI.
1431 2025 1544 2058 Mirm!
1569 2023 1988 2069 15.September1395.

280 2105 456 2160 Nicolaus
494 2131 557 2159 etc.
598 2131 709 2160 notum
748 2126 888 2159 facimus
919 2130 981 2158 etc.
1039 2124 1132 2165 Quod
1163 2123 1305 2156 ,Iohanni
1335 2122 1570 2155 Kucbmeistcr
1599 2121 1782 2164 burgravio
1812 2124 1927 2154 nostro
1959 2123 1989 2152 111

124 2187 255 2222 Meraw
293 2192 418 2233 partem
456 2187 533 2222 ville
570 2186 783 2221 Mieolowicz
822 2198 882 2220 nos
921 2190 1168 2229 contingentem
1200 2189 1229 2217 et
1260 2184 1298 2217 ad
1330 2195 1390 2217 nos
1420 2183 1611 2216 devolutam
1643 2193 1702 2227 per
1732 2186 1870 2215 mortem
1903 2180 1990 2213 bone

125 2251 286 2282 memorie
324 2247 512 2281 Bernhardi
543 2247 583 2280 de
612 2247 859 2280 XVitcliensteiu
891 2247 998 2280 militis
1029 2246 1143 2279 vasalli
1175 2248 1291 2287 nostri,
1336 2247 1406 2278 sinc
1437 2243 1549 2277 liberis
1580 2242 1738 2275 dcl'uneti.
1771 2241 1920 2275 dedimus
1950 2252 1990 2273 ac

124 2308 334 2356 presentibus
364 2309 479 2342 damus
510 2320 583 2342 cum
614 2309 767 2342 omnibus
792 2308 923 2352 juribus
953 2313 983 2341 et
1015 2309 1228 2352 pertinenciis
1258 2317 1318 2351 per
1347 2316 1420 2337 eum
1452 2309 1482 2337 et
1514 2304 1656 2337 liei-edes
1686 2315 1764 2337 suos
1790 2304 1867 2345 jure
1898 2302 1987 2335 l'eudi

125 2369 311 2404 habendam
343 2370 518 2403 tenendam
549 2375 581 2403 et
611 2368 867 2415 possidendam:
898 2371 1019 2402 nostris
1049 2373 1078 2401 et
1110 2367 1254 2400 ecclesie
1285 2370 1398 2399 nostre
1420 2365 1654 2398 (tlomucensis
1676 2365 1830 2396 serviciis
1852 2373 1987 2407 semper

124 2431 239 2465 salvis.
297 2430 331 2464 In
371 2441 509 2475 quorum
551 2434 614 2463 etc.
672 2430 791 2463 Datum
830 2429 960 2464 Meraw
1001 2430 1081 2462 seria
1123 2428 1176 2461 Vl.
1219 2432 1289 2473 post
1330 2427 1574 2460 exaltat-ionem
1613 2429 1728 2458 sancte
1762 2426 1871 2456 crucis
1901 2434 1989 2456 anuo

125 2492 249 2526 domini
278 2489 520 2525 MCCCXCVI.

438 2621 629 2655 (tii-einsierm·
651 2621 886 2655 Leliensquutern
912 2621 950 2647 Il.
980 2624 1063 2649 1263.»

1786 2736 1846 2761 ,41ῡὲ
