2313 3090
1217 179 1265 212 74

309 293 485 338 explicitis
515 294 605 338 puris
635 295 664 324 el
696 288 898 335 simplicibus
928 292 958 319 et
989 297 1053 319 non
1074 286 1250 324 intricans,
1280 281 1453 316 subtilibus
1474 285 1504 314 et
1526 280 1690 326 inplicatis
1710 289 1902 324 proponere
1927 289 1987 311 seu
2009 276 2177 322 querulari

308 354 450 388 debeant
488 358 519 387 et
557 355 684 398 pariter
712 350 930 395 respondere,
969 358 1011 380 ne
1041 357 1083 379 ex
1114 346 1332 378 intricacione
1361 341 1544 376 verborum
1574 344 1692 374 iustum
1723 342 1827 386 possit
1861 341 2072 383 contingere,
2103 337 2178 370 dum

308 426 368 460 per
403 414 518 448 eadem
557 412 662 446 verba
702 410 895 456 replicatum
934 418 1000 441 non
1039 406 1150 447 fuerit,
1187 403 1438 448 condempnari.
1496 400 1711 435 Presencium
1750 399 1810 434 sub
1840 401 1944 433 nostri
1973 400 2180 444 appensione

309 475 407 520 sigilli
436 475 627 508 testimonio
657 472 851 505 litterarum.
883 468 1003 501 Datum
1034 466 1169 500 Brunne
1198 465 1299 499 Anno
1329 463 1453 497 domini
1483 462 1658 495 millesimo
1688 462 1927 494 trecentesimo
1956 462 2178 503 nonagesimo

309 535 469 577 secundo,
499 534 581 567 feria
612 536 707 566 sexta
737 532 890 576 proxima
919 532 995 561 ante
1026 527 1145 561 festum
1175 524 1429 559 Penthecostes.

622 670 712 705 (Orig.
740 670 820 703 Perg.
847 668 874 696 h.
900 667 959 701 Sig.
984 667 1020 691 im
1046 666 1100 699 lgt.
1126 660 1337 701 St.-Arehive.)

1211 862 1286 901 88.

313 949 438 982 ¹¹llarte'n
480 958 541 980 ron
583 946 750 979 Badatitz-
793 944 950 987 bekennt,
994 944 1057 977 den
1096 942 1260 976 Brameer
1288 940 1399 975 Juden
1432 939 1579 972 Merklin
1609 939 1678 971 um!
1706 937 1805 971 Sara
1834 937 1884 971 50
1913 936 2018 970 Marlc
2047 935 2182 980 Praqer

695 1005 871 1039 Grosclaen
899 1004 1056 1047 schaldis]
1086 1015 1126 1037 zu
1155 1004 1240 1037 sein.
1274 1001 1331 1035 Dt.
1364 1001 1398 1035 6.
1429 1000 1514 1034 Jum·
1543 999 1652 1033 1392.
1685 1011 1710 1032 s.
1744 999 1766 1032 l.

468 1084 560 1148 Ego
589 1103 752 1137 Martinus
782 1102 822 1135 de
852 1100 1007 1134 Badatitz
1036 1110 1097 1146 pro
1127 1104 1204 1132 tunc
1234 1102 1368 1131 monete
1398 1100 1560 1141 magister
1589 1099 1620 1129 in
1641 1095 1752 1129 Bruna
1774 1095 1978 1128 notuinfacio
1998 1097 2179 1134 universis,

312 1166 398 1211 quod
437 1164 586 1211 providis
623 1162 788 1198 Merklino
827 1166 859 1195 et
899 1160 984 1194 Sare
1017 1160 1129 1205 Judeis
1159 1157 1388 1192 Brunensibus
1418 1162 1449 1191 et
1484 1167 1600 1190 eorum
1630 1154 1811 1190 heredibus
1839 1156 1896 1189 vel
1924 1158 1979 1201 qui
2007 1159 2184 1201 presentes

311 1228 424 1260 literas
453 1229 598 1271 ipsorum
629 1223 806 1257 habuerint
834 1234 908 1256 cuin
939 1222 1069 1265 favore⁷
1100 1226 1253 1254 tenemur
1282 1222 1314 1252 in
1334 1218 1475 1253 solidum
1497 1217 1537 1250 de
1558 1227 1642 1251 vero
1663 1215 1774 1250 debito
1795 1219 2033 1262 quinquaginta
2055 1227 2185 1250 marcas

312 1298 507 1332 grossorum
538 1287 753 1331 pragensium
776 1286 940 1317 moravici
968 1284 1172 1328 pagameuti,
1203 1283 1434 1326 promittentes
1464 1290 1521 1313 eas
1552 1278 1615 1312 fide
1644 1282 1759 1312 nostra
1789 1277 1876 1311 bona
1905 1280 1977 1311 sine
1998 1277 2074 1311 dolo
2095 1288 2185 1322 quo-

313 1348 389 1381 libet
418 1358 478 1393 pro
510 1358 561 1379 me
591 1350 623 1379 et
653 1345 797 1379 heredes
826 1354 920 1378 meos
949 1342 1024 1389 (sic)
1054 1345 1087 1376 in
1116 1341 1258 1376 solidum
1288 1339 1348 1374 sub
1378 1339 1590 1384 obligacione
1620 1342 1767 1373 omnium
1798 1338 1963 1372 bonorum
1992 1342 2184 1372 nostrorum

314 1408 481 1442 mobilium
521 1412 552 1440 et
589 1406 805 1440 immobilium
845 1404 980 1438 ubilibet
1020 1403 1220 1443 habitormm
1256 1402 1383 1435 eisdem
1408 1400 1519 1445 judeis
1548 1400 1684 1434 solvere
1714 1404 1746 1433 et
1776 1410 1955 1433 numerare
1984 1401 2056 1433 sine
2085 1409 2185 1433 usura

313 1482 330 1503 a
362 1470 434 1503 data
465 1470 678 1514 presencium
709 1478 769 1512 per
799 1470 866 1500 tres
896 1475 1001 1499 annos
1031 1467 1208 1498 continuos
1237 1462 1479 1497 revolvendos.
1535 1460 1630 1502 Quod
1661 1464 1687 1495 si
1717 1472 1783 1494 non
1814 1460 2007 1503 fecerimus,
2037 1471 2081 1494 ex
2110 1464 2188 1494 tunc

316 1534 425 1564 statim
457 1530 615 1574 deinceps
645 1528 786 1572 singulis
815 1528 1009 1572 septimanis
1038 1524 1173 1559 cuilibet
1203 1535 1316 1558 marce
1346 1523 1434 1556 dicte
1464 1525 1604 1567 pecunie
1634 1526 1808 1556 accrescat
1838 1533 1922 1555 unus
1942 1531 2083 1566 grossus
2103 1532 2190 1566 pre-

315 1591 478 1624 dictorum
510 1592 587 1635 ipsis
612 1589 724 1633 judeis
753 1600 813 1634 pro
843 1599 943 1621 usura
974 1591 1006 1620 et
1034 1585 1269 1619 nichilominus
1299 1596 1364 1629 ego
1394 1584 1563 1629 predictus
1593 1582 1756 1616 Martinus
1776 1582 1831 1616 vel
1861 1585 1925 1616 mei
1947 1581 2104 1625 heredes,
2135 1584 2189 1627 qui

313 1663 386 1684 rum
417 1663 433 1683 a
465 1651 559 1684 (lictis
593 1650 705 1694 judeis
746 1649 946 1691 monebitur,
985 1651 1012 1681 is
1050 1647 1104 1681 vel
1134 1647 1233 1680 alium
1274 1646 1430 1679 clientem
1460 1644 1616 1678 idoneum
1646 1655 1721 1678 cuni
1751 1655 1816 1677 uno
1846 1643 1971 1677 famulo
2001 1647 2033 1676 et
2061 1642 2189 1676 duobus

315 1715 408 1756 equis
440 1711 629 1755 obstagium
658 1721 777 1744 verum
808 1714 840 1743 et
869 1709 999 1743 solitum
1030 1711 1061 1742 in
1092 1711 1227 1741 civitate
1256 1705 1368 1740 Bruna
1399 1710 1431 1739 et
1452 1706 1550 1739 domo
1581 1705 1721 1738 honesta
1751 1704 1813 1738 sibi
1834 1716 1894 1750 per
1914 1704 2051 1738 eosdem
2068 1703 2190 1747 judeos

317 1773 471 1818 deputata
501 1771 677 1805 substituat
706 1771 746 1804 ad
776 1770 964 1816 prandium,
994 1769 1114 1804 abinde
1142 1779 1209 1802 non
1240 1770 1391 1801 exiturus
1421 1777 1585 1811 quaquam
1611 1768 1697 1810 juris
1727 1777 1840 1808 causa,
1859 1766 1967 1799 donec
1996 1767 2190 1798 memoratis

310 1833 422 1877 judeis
461 1832 582 1865 (lictum
622 1832 767 1865 debitum
807 1842 881 1864 cuni
921 1833 1030 1864 usuris
1069 1834 1101 1863 et
1140 1829 1291 1874 dampnis
1321 1827 1444 1861 exinde
1474 1826 1723 1860 racionabiliter
1752 1825 2015 1872 quibuscumque
2043 1824 2192 1871 probatis

316 1897 446 1937 integre
485 1893 732 1938 persolvemus.
786 1892 836 1926 Sit
874 1894 922 1925 eis
961 1894 1067 1924 eciam
1106 1894 1254 1936 potestas
1283 1890 1424 1934 prestito
1453 1887 1508 1922 vel
1546 1898 1613 1921 non
1642 1889 1782 1932 prestito
1811 1897 1872 1920 nos
1901 1890 1934 1920 et
1962 1885 2048 1919 bona
2078 1890 2192 1920 nostra

315 1957 345 1987 in
376 1954 515 1987 solidum
547 1953 683 1987 ubilibet
712 1957 845 1998 reperta
876 1955 1075 1985 auctoritate
1104 1953 1239 1997 propria
1268 1949 1323 1983 vel
1354 1951 1489 1982 maioris
1512 1951 1660 1982 cuiusvis
1682 1947 1869 1981 arrestandi
1891 1951 1923 1981 et
1945 1946 2193 1992 impignorandi

316 2026 421 2059 usque
460 2015 499 2047 ad
531 2014 812 2047 satisll'accioncm
851 2016 996 2046 omnium
1036 2014 1290 2057 premissoruin-
1329 2020 1540 2054 nequaquam
1580 2020 1638 2042 cos
1678 2008 1876 2043 insolvendo
1897 2008 1978 2042 alias
2008 2007 2049 2041 ad
2078 2007 2192 2053 quod-

316 2087 457 2120 cumque
487 2078 640 2120 superius
670 2075 850 2108 dominium
881 2073 1112 2107 remittendos.
1146 2071 1216 2105 Sub
1245 2070 1362 2104 harum
1394 2069 1512 2115 quibus
1542 2080 1602 2115 pro
1633 2080 1685 2102 me
1720 2073 1752 2101 et
1782 2068 1962 2103 heredibus
1996 2071 2079 2102 meis
2107 2078 2194 2114 pro-

317 2139 421 2181 prium
454 2147 561 2168 meum
597 2140 629 2168 ct
657 2135 707 2168 'ad
747 2137 945 2169 instantivus
983 2144 1076 2167 meas
1114 2142 1234 2178 preces
1272 2130 1390 2164 nobilis
1430 2130 1553 2164 domini
1609 2129 1767 2163 Jeskonis
1806 2129 1933 2163 Pusczc
1967 2129 2008 2163 de
2051 2128 2188 2163 Gunstat

316 2197 422 2230 solum
453 2208 511 2242 pro
543 2199 731 2230 testimonio
761 2199 833 2230 sine
862 2206 922 2229 suo
953 2195 1073 2228 damno
1103 2193 1211 2237 sigilla
1241 2191 1458 2238 presentibus
1488 2196 1565 2225 sunt
1594 2202 1754 2236 appensa
1785 2190 1868 2223 l'eria
1899 2192 2010 2235 quinta
2040 2192 2194 2236 proxima

321 2258 477 2291 videlicet
506 2261 537 2290 in
567 2262 709 2302 quatuor
738 2255 943 2302 temporibus
974 2259 1047 2300 post
1068 2254 1188 2288 festum
1212 2253 1470 2290 penthecosten,
1500 2263 1588 2285 anno
1614 2251 1735 2284 domiui
1759 2251 1934 2284 millesimo
1956 2253 2195 2285 trecentesimo

324 2322 544 2357 nonagesimo
575 2318 737 2352 secundo.

635 2457 726 2491 (Orig.
752 2458 833 2489 l'erg.
860 2456 910 2481 niit
936 2456 952 2480 ‘2
978 2455 1017 2481 kl.
1043 2455 1109 2479 auli.
1134 2454 1192 2485 Sig.
1217 2454 1252 2478 iin
1278 2462 1314 2481 ni,
1341 2451 1622 2485 hundos-Archivv.)
