2313 3090
1066 173 1139 208 499

171 275 387 321 dignaremur
424 281 613 321 graciosius
653 278 761 311 denuo
800 279 1012 312 confirmare.
1052 278 1122 312 Nos
1159 290 1243 312 vero
1282 283 1369 313 seire
1409 281 1573 325 volentes⁷
1613 282 1688 326 qnid
1729 287 1758 315 et
1798 287 1952 328 quantuni
1992 283 2032 317 ad

171 337 291 371 dictum
313 337 469 371 iudiciuin
491 341 670 383 antiquitus
691 342 886 384 pertineret,
908 342 1161 384 inquisicionem
1184 340 1344 374 dictarum
1368 340 1554 375 libertatum
1577 342 1652 375 dicti
1676 343 1786 376 iudicii
1809 346 2036 377 commisimus

170 397 318 443 providis
349 397 494 431 scabinis
525 402 670 432 civitatis
700 404 822 433 nostra·
850 399 997 444 Muglicz
1027 404 1058 433 et
1087 400 1232 434 scabinis
1261 413 1300 435 ac
1330 405 1445 435 iuratis
1475 402 1569 436 dictae
1600 403 1686 436 villae
1715 403 1862 437 Maletin.
1885 404 2035 437 Tandem

169 461 387 504 inquisicione
417 459 503 492 facta
533 459 573 492 ad
605 459 735 505 plenum
767 472 826 506 per
856 461 962 494 dictos
991 460 1147 494 scabinos
1177 461 1404 506 Muglicenses
1434 468 1464 496 et
1494 464 1583 497 vittae
1612 464 1747 497 Maletin
1774 476 1887 499 suiuus
1908 465 2036 511 plenius

169 518 349 562 informati,
388 520 554 564 quomodo
593 520 634 553 ad
665 521 786 554 dictum
818 521 972 555 iudiciuin
1004 521 1215 566 pertinebant
1245 522 1477 569 infrascripta:
1511 524 1617 558 l'rinio
1647 525 1731 558 alter
1760 525 1888 558 medius
1919 525 2035 559 laneus

168 579 252 614 liber
280 580 321 613 ad
349 585 495 614 aratrum
527 580 633 614 dictus
663 581 792 620 iudicis,
824 582 887 616 dno
917 583 1002 616 lanei
1034 583 1210 616 censuales
1240 583 1349 621 iudici.
1381 584 1517 617 taberna
1548 585 1651 618 libera
1682 597 1755 619 cum
1786 585 1981 619 braxatorio
2003 590 2034 619 et

168 639 390 684 braseatorio,
420 641 645 675 molendinum
676 654 749 675 eum
782 654 842 676 una
874 648 958 685 rota.
989 644 1075 689 qnod
1104 646 1259 677 situatum
1289 649 1339 678 est
1368 648 1400 678 in
1430 645 1563 679 flumine
1592 645 1771 681 Nician-ez.
1801 651 1905 684 sutor„
1928 646 2035 680 faber.

167 704 285 747 pistor,
321 706 432 736 sartor
469 706 500 735 et
536 702 689 736 carnifex
727 704 945 748 providentes
983 705 1094 742 iudici,
1132 716 1204 737 cum
1243 707 1347 738 tercio
1385 705 1523 739 denario
1554 706 1769 739 emendarum
1800 711 1833 739 et
1861 707 2033 752 culparum

167 772 230 808 per
256 761 413 796 scabinos
443 767 476 796 et
504 765 629 796 iuratos
659 764 754 796 dictae
783 764 870 797 villa*
899 765 1130 799 iudicatarum.
1159 776 1232 798 cum
1263 765 1481 804 libertatibusq
1514 767 1667 800 videlicet
1699 767 1786 812 quod
1816 767 1903 801 viltae
1932 767 2035 800 Pores

167 829 199 858 et
229 823 362 857 Ohrnes
392 828 423 857 et
452 823 561 857 media
592 823 667 857 villa
698 823 879 870 Sebovane
909 836 986 858 suas
1015 829 1206 859 sentencias
1235 826 1421 871 vulgariter
1449 827 1546 861 urteil
1575 827 1665 860 ferre
1686 833 1718 861 et
1738 831 1892 873 recipere
1913 827 2036 861 debent

168 888 199 919 in
237 885 324 919 dicta
365 884 445 918 villa
472 884 622 918 Maletiu.
661 884 822 919 Omnibus
853 886 1149 920 informacionibus
1180 891 1213 920 ut
1242 886 1418 932 praefertur
1447 887 1614 921 informati
1645 893 1677 921 et
1705 889 1745 922 ad
1775 891 1972 922 instanciam
2003 893 2035 921 et

166 948 368 992 peticionem
399 949 516 979 uxoris
545 950 577 979 et
606 949 789 979 amicorum
821 951 893 992 post
924 951 1065 980 mortem
1097 947 1175 980 dieti
1204 947 1321 981 Jacobi
1347 948 1464 982 iudicis
1486 948 1716 982 favorabiliter
1737 949 1895 982 inclinanti.
1917 960 2035 983 omnes

168 1010 201 1040 et
238 1006 390 1051 singulas
419 1006 590 1040 libertates
619 1010 830 1052 praescriptas
860 1019 935 1041 cum
964 1007 1118 1041 omnibus
1147 1011 1214 1041 suis
1244 1009 1575 1054 condependentibus
1604 1014 1636 1043 et
1666 1009 1918 1044 condicionibus
1948 1009 2034 1043 dicto

170 1067 292 1101 iudicio
320 1067 408 1102 villae
435 1067 570 1101 Maletin
600 1067 836 1101 confirmamus
865 1073 898 1101 et
927 1068 1036 1102 denuo
1066 1072 1310 1102 invisceramus
1340 1072 1594 1115 incorporamus
1624 1074 1656 1103 et
1684 1069 1904 1112 attribuimus,
1934 1069 2034 1103 nichil

166 1131 298 1174 penitus
326 1127 544 1169 omittendo,
575 1132 673 1174 prout
701 1131 878 1173 antiquitus
908 1129 948 1162 ad
979 1128 1099 1162 dictum
1130 1129 1284 1162 iudicium
1315 1132 1566 1175 pertinuerunt3
1595 1133 1761 1171 serviciis„
1792 1129 1974 1164 honoribus
2002 1135 2032 1163 et

167 1188 294 1223 iuribus
313 1192 436 1223 nostris
457 1200 530 1223 cum
552 1192 752 1223 auctoritate
774 1190 955 1235 episcopali
977 1194 1007 1223 et
1029 1188 1131 1223 berna
1153 1190 1259 1234 regali
1282 1201 1417 1235 semper
1437 1190 1550 1224 salvis.
1582 1190 1618 1224 In
1648 1201 1788 1235 quorum
1810 1193 2033 1224 testiinonium

166 1250 312 1295 sigillum
341 1254 492 1284 nostrum
523 1250 563 1283 de
593 1255 684 1284 certa
715 1255 828 1284 nostra
858 1253 1003 1284 sciencia
1033 1250 1252 1296 praesentibus
1282 1255 1331 1284 est
1360 1262 1555 1296 appensum.
1586 1251 1705 1284 Datum
1742 1251 1887 1285 Brunnae
1922 1251 1973 1285 die
2004 1256 2033 1285 et

166 1310 252 1345 festo
281 1313 389 1345 sancti
418 1310 569 1344 Andreae
597 1311 752 1356 apostoli³
783 1321 870 1344 anno
901 1310 1023 1344 domiui
1054 1311 1227 1344 millesimo
1258 1314 1495 1345 trecentesimo
1525 1314 1746 1356 nonagesimo
1776 1322 1877 1347 nono.

481 1389 635 1424 (Einfaelie
659 1389 749 1423 Copie
773 1399 823 1415 :ius
848 1390 910 1415 dein
938 1390 986 1416 17.
1010 1390 1113 1416 Jahrb.
1138 1390 1174 1415 i1n
1198 1389 1354 1415 fiirsterzb.
1378 1390 1504 1415 Areliive
1529 1390 1556 1415 in
1581 1390 1750 1425 Kremsier.)

1050 1483 1158 1519 562.

168 1561 241 1596 Der
283 1562 458 1596 Olmiltzer
497 1562 649 1603 Biscleof
678 1562 816 1595 Johmm
856 1562 994 1596 erthee'lt
1033 1563 1094 1595 den
1136 1560 1335 1595 Bes-achera
1374 1562 1435 1595 der
1474 1561 1808 1605 Amyn-stitterlfirehc
1848 1563 1880 1595 iu
1911 1562 2031 1596 Briltm

477 1624 575 1656 einen
605 1624 875 1667 ‘vierm'qtt'ifflfflw
906 1622 1046 1656 Ablass.
1080 1622 1137 1656 Dt.
1171 1622 1287 1655 Briltm
1318 1622 1351 1655 2.
1385 1622 1574 1656 December
1611 1622 1719 1656 1399.

329 1700 525 1754 «lohannes
538 1720 590 1754 dei
603 1724 635 1753 et
646 1720 829 1765 apostolice
841 1719 931 1753 sedis
943 1721 1058 1761 gracia
1072 1717 1306 1751 ()l‹⁷›mucensis
1319 1718 1462 1752 ecclesie
1476 1721 1833 1764 episcopusniiiverS1s
1846 1723 1877 1751 et
1890 1719 2032 1763 singulis

164 1782 197 1813 in
225 1782 351 1813 unitate
380 1779 569 1814 orthodoxe
598 1779 674 1813 fidei
704 1782 922 1825 omnipotenti
948 1778 1010 1811 deo
1032 1777 1266 1811 famulantibus
1286 1778 1426 1812 salutem
1448 1782 1479 1811 in
1501 1790 1554 1821 eo,
1576 1781 1629 1823 qui
1651 1783 1702 1811 est
1721 1781 1867 1812 omniun]
1889 1778 2032 1812 fidelium

164 1852 247 1875 vera
282 1841 383 1875 salus.
422 1841 465 1876 Ut
501 1846 655 1875 tesaurus
684 1845 799 1875 sancte
830 1842 942 1873 matris
972 1839 1128 1879 ecclesie,
1159 1849 1256 1883 quem
1286 1842 1523 1885 omnipotentis
1552 1839 1604 1872 dei
1634 1839 1719 1872 lilius
1749 1839 1910 1873 effusione
1948 1851 2032 1886 pre-

165 1905 341 1936 ciosissimi
371 1905 420 1937 sui
451 1906 622 1948 sanquinis
651 1914 711 1949 pro
742 1902 979 1947 redempcione
1018 1900 1161 1934 humana
1196 1903 1226 1932 in
1265 1902 1375 1933 crucis
1413 1899 1560 1945 patibulo
1597 1902 1816 1944 comparavit„
1857 1902 1898 1933 ita
1937 1900 2032 1934 saluti

164 1965 311 1997 omnium
340 1966 372 1997 in
402 1964 570 1998 dominum
602 1964 716 1997 Jesum
747 1962 891 1997 Cristum
921 1962 1134 1995 credencium
1161 1960 1323 2006 proficiat,
1345 1960 1433 2005 quod
1453 1963 1637 1994 animarum
1661 1960 1803 1993 fidelium
1826 1963 2031 1994 incremento

163 2035 326 2070 prospero
356 2024 480 2058 chorus
509 2025 683 2069 angelicus
712 2029 888 2069 augeatur.
918 2023 958 2056 ad
989 2022 1151 2055 honorem
1181 2021 1233 2054 dei
1262 2023 1435 2065 genitricis
1455 2020 1573 2063 lllarie5
1603 2024 1696 2054 cuius
1717 2020 1811 2054 nobis
1832 2021 2031 2054 inmaculata

163 2088 340 2130 virginitas
360 2090 394 2119 et
413 2088 536 2119 intacta
556 2090 651 2131 partu
672 2085 805 2131 quidem
827 2084 964 2131 pudoris
985 2083 1083 2116 edidit
1105 2083 1324 2116 salvatorem.
1346 2081 1499 2115 omnibus
1521 2093 1603 2115 vere
1624 2081 1847 2127 penitentibus
1867 2082 2032 2116 confessis

165 2148 289 2192 pariter
324 2150 357 2179 et
393 2149 558 2189 contritis,
594 2149 648 2191 qui
687 2146 837 2180 ardentis
867 2145 978 2179 cordis
1008 2143 1126 2176 all'ectu
1156 2146 1283 2188 septeni
1314 2141 1538 2175 salutat-iones
1567 2142 1739 2185 angelicas
1769 2141 1878 2176 eidem
1910 2145 2031 2187 virgini

163 2206 314 2251 gloriose
348 2210 380 2240 in
420 2210 586 2253 vesperis„
625 2207 857 2253 completorio.
897 2208 1074 2240 matutinis.
1113 2207 1144 2238 iu
1173 2206 1291 2249 prima.
1322 2205 1425 2235 tercia
1455 2206 1579 2248 pariter
1610 2207 1641 2235 et
1671 2206 1701 2236 in
1732 2206 1843 2247 missa,
1874 2208 1970 2237 sexta
2001 2208 2032 2236 et

163 2278 250 2301 nona
280 2267 383 2310 horis,
414 2279 497 2312 quos
527 2267 741 2302 honorabiles
772 2268 893 2301 fratres
923 2267 1084 2300 heremite
1115 2264 1240 2297 ordinis
1270 2267 1375 2297 sancti
1406 2264 1586 2306 Augustini
1616 2275 1721 2309 prope
1751 2275 1864 2297 muros
1885 2267 2030 2298 civitatis

164 2326 371 2361 Brunnensis
401 2328 464 2361 alta
494 2340 581 2362 voce
611 2329 721 2362 solent
750 2332 781 2362 in
803 2331 874 2374 ipso
896 2329 1101 2361 monasterio
1122 2325 1256 2359 cottidie
1278 2325 1470 2366 decantare,
1493 2323 1615 2357 devote
1637 2323 1813 2357 ell‘uderint
1834 2327 1864 2357 in
1886 2324 2029 2369 qualibet

164 2388 324 2422 horarum
362 2388 599 2434 predictarum,
639 2389 860 2434 quadraginta
900 2389 970 2422 dies
1007 2387 1292 2431 induigent-iarum
1332 2396 1374 2418 ex
1410 2385 1587 2430 pastoralis
1631 2396 1710 2417 eui-e
1746 2386 1893 2428 injuncto
1936 2384 2030 2419 nobis

163 2448 274 2483 officio
309 2448 455 2493 benigne
491 2449 707 2483 concedimus
744 2454 775 2484 et
803 2450 975 2491 larg-imur.
1008 2449 1221 2482 l'reseneiuni
1252 2445 1312 2479 sub
1342 2448 1446 2479 nostri
1476 2448 1681 2490 appensione
1711 2445 1808 2489 sigilli
1841 2448 2029 2479 testimonio

164 2509 346 2543 literarum.
386 2509 505 2542 Datum
544 2513 576 2543 et
614 2514 722 2544 actum
760 2509 895 2543 Brunne
931 2520 1017 2543 anno
1054 2508 1176 2541 domini
1207 2507 1379 2540 millesimo
1411 2508 1647 2539 trecentesimo
1678 2508 1898 2549 nonagesimo
1929 2518 2030 2545 nono„

164 2569 313 2603 secunda
344 2569 396 2602 die
426 2569 637 2603 Decembris.

479 2648 570 2682 (Uri-g.
597 2649 679 2681 l'vrg,
705 2649 763 2683 gig,
790 2649 870 2675 fehlt.
897 2650 931 2674 {in
957 2649 1082 2674 Archiv-2
1108 2649 1155 2673 tlt-s
1182 2649 1302 2678 August.
1329 2646 1427 2671 Stiftes
1453 2655 1474 2672 s.
1501 2646 1627 2670 'l'liouizis
1653 2646 1677 2669 in
1706 2646 1874 2677 Ahbrstnn.)

1881 2698 1940 2723 «πμ
