2313 3090
1034 181 1072 214 11

115 289 244 323 laudem
284 287 381 322 beate
417 291 559 334 virginis
597 287 704 322 Marie
734 292 765 321 et
800 286 972 342 lan'dabilis
1002 286 1208 320 confessoris
1239 284 1392 329 Procopii
1423 283 1558 317 cottidie
1589 282 1794 328 temporibus
1824 285 1994 327 perpetuis

115 349 291 384 tenendam
323 354 353 383 et
384 348 626 383 decantandam
657 349 730 382 zelo
761 348 874 382 salutis
905 351 1088 381 animarum
1120 349 1266 392 ipsorum
1299 350 1328 379 et
1350 348 1495 379 omnium
1519 343 1661 378 fidelium
1685 346 1737 390 pie
1759 343 1992 377 defunctorum

115 415 278 445 conantur
308 415 338 444 et
369 410 539 444 intendunt
571 410 683 443 dicare
713 415 743 443 et
774 414 977 443 rest-aurare.
1008 407 1078 443 Nos
1109 418 1241 454 qnoque
1270 406 1462 440 Jarosslaus
1491 408 1698 453 proscriptus
1728 407 1865 438 racione
1892 407 1993 437 mutui

114 474 348 518 prenominati,
384 476 417 504 ut
453 470 613 517 prelibata
655 475 781 504 matura
819 474 918 504 missa
959 473 1105 516 ipsorum
1138 468 1259 503 habeat
1289 468 1442 502 effectum
1473 479 1536 501 nee
1565 470 1715 513 paciatur
1745 466 1991 500 detrimentum.

114 537 146 567 in
181 537 212 567 et
251 544 350 578 supra
381 537 447 566 tota
478 532 555 566 villa
595 537 708 566 nostra
740 531 942 565 hereditaria
973 531 1171 577 Lyhochow
1202 531 1297 564 dictis
1327 529 1457 563 civibus
1487 534 1518 563 et
1547 527 1689 574 plebano
1720 526 1931 573 presentibus
1961 532 1990 559 et

113 594 232 628 futuris
261 597 408 639 ipsorum
439 593 693 627 successoribus
723 604 846 626 novem
877 604 1070 637 sexagenas
1090 603 1287 638 grossorum
1310 591 1458 625 redditus
1488 594 1519 624 et
1541 592 1639 623 annui
1665 599 1786 622 census
1809 588 1992 621 indicamus

113 658 326 700 assignamus
347 659 379 688 ct
399 654 617 688 ostendimus.
649 654 870 688 indicavimus
891 656 1140 698 assignavimus
1161 658 1191 687 et
1214 652 1516 686 condescendimus
1542 662 1602 697 per
1622 653 1712 696 ipsos
1733 661 1792 683 seu
1813 648 1989 695 plebanum

113 727 130 749 a
155 715 270 760 judice
299 720 415 749 nostro
445 716 532 749 dicte
561 715 640 748 ville
669 714 869 761 Lybocliow
899 714 1038 759 singulis
1068 717 1162 747 annis
1193 719 1222 746 et
1254 716 1403 746 terminis
1434 712 1508 746 festi
1538 714 1643 746 sancti
1679 710 1793 745 Georii
1824 709 1991 743 dimidium

113 787 250 811 censum
281 781 311 810 et
341 776 416 810 sesti
446 779 552 810 sancti
581 775 757 810 Michaelis
787 775 969 818 residuuim
1000 774 1234 809 occasionibus
1264 785 1302 807 ae
1342 773 1586 819 impedimentis
1617 771 1816 817 quibuslibet
1842 773 1990 805 semotis.

112 841 145 872 in
173 842 328 884 prompto
358 837 537 871 tollendum
575 841 607 870 et
644 836 907 883 percipIendum.
967 836 1001 870 Si
1040 847 1134 870 vero.
1174 835 1259 880 quod
1300 834 1395 868 absit.
1436 833 1683 880 quomodolibet
1724 833 1830 866 dictus
1869 840 1991 865 census

113 902 332 933 terminorum
361 909 638 944 quorumcunque
668 900 748 944 ipsis
779 901 980 931 retineretur
1008 901 1039 931 in
1070 897 1246 939 solvendo„
1278 908 1320 930 ex
1342 898 1561 941 consequenti
1582 899 1654 940 post
1678 894 1802 940 lapsum
1826 897 1992 938 quatuor-

111 961 220 994 decim
249 959 377 994 dierum
417 962 650 993 continuorum
682 970 804 993 census
835 962 954 993 retenti
993 964 1023 993 et
1054 970 1119 992 non
1150 958 1246 992 soluti
1276 957 1406 1003 plenam
1438 959 1611 1002 potestatis
1642 958 1872 989 auctoritatem
1912 957 1992 1000 ipsis

110 1023 227 1055 damus
256 1025 289 1055 et
317 1019 439 1055 habent
469 1023 501 1054 in
530 1019 592 1054 hiis
619 1022 763 1066 scriptis*
788 1020 936 1063 judicem
968 1024 998 1053 et
1030 1019 1184 1053 homines
1212 1023 1346 1053 nostros
1368 1019 1453 1052 dicte
1474 1017 1552 1052 ville
1573 1016 1772 1063 Lybocliow
1793 1018 1991 1049 auctoritate

110 1085 244 1129 propria
284 1093 344 1117 seu
383 1082 423 1116 de
461 1082 626 1116 adiutorio
665 1084 813 1115 cuiusvis
853 1081 996 1115 hominis
1035 1080 1280 1127 impignorandi
1319 1079 1505 1124 occupandi
1545 1083 1575 1111 et
1615 1078 1783 1111 arestanili
1814 1088 1920 1121 usque
1950 1077 1988 1110 ad

110 1144 240 1190 plenam
272 1143 543 1178 satisfaccionem
575 1155 697 1178 census
726 1146 847 1177 retenti
868 1148 899 1176 et
927 1145 1072 1176 omnium
1095 1142 1314 1187 dampnorum
1337 1140 1459 1174 exinde
1481 1144 1742 1173 contractorum.
1775 1138 1831 1172 Est
1854 1141 1991 1183 insuper

109 1205 286 1248 adiectum,
317 1205 404 1251 quod
435 1208 462 1239 si
492 1217 552 1239 nos
569 1204 761 1239 Jarosslaus
790 1204 952 1251 prefatus,
983 1206 1087 1238 nostri
1118 1203 1261 1237 heredes
1292 1214 1351 1237 seu
1382 1212 1602 1235 successores
1632 1212 1648 1233 a
1680 1200 1754 1233 data
1776 1202 1988 1245 presencium

107 1265 194 1299 infra
223 1269 400 1300 triennium
431 1269 622 1300 continuum
653 1269 696 1299 ita
725 1266 871 1299 validum
903 1270 933 1299 et
964 1264 1085 1298 bonum
1118 1276 1254 1298 censum
1286 1267 1317 1297 in
1347 1266 1448 1297 certis
1478 1267 1509 1296 et
1541 1264 1711 1308 perpetuis
1736 1259 1989 1294 hereditatibus.

108 1327 265 1361 videlicet
302 1338 425 1361 novem
462 1339 655 1372 sexagenas
692 1330 791 1361 annui
831 1337 952 1360 census
991 1327 1065 1361 loco
1100 1327 1169 1370 jani
1210 1336 1332 1359 census
1370 1325 1504 1358 indicati
1543 1326 1575 1357 in
1605 1328 1693 1356 terra
1723 1321 1878 1356 Moravie
1908 1323 1987 1367 ipsis

107 1390 302 1435 prescriptis
339 1391 422 1422 viris
461 1389 500 1422 ad
538 1388 658 1422 dictam
694 1391 827 1422 missam
869 1399 983 1421 emere
1022 1392 1052 1421 et
1091 1398 1291 1433 comparare
1321 1396 1498 1432 possemus
1532 1387 1639 1418 eciam
1671 1383 1710 1417 de
1753 1382 1926 1417 voluntate
1956 1387 1986 1415 et

107 1449 246 1483 consilio
276 1461 392 1483 eorum
423 1454 453 1483 et
483 1452 562 1496 ipsis
591 1448 711 1483 tabulis
741 1454 833 1483 terre
863 1451 1170 1495 appropriaremus.
1201 1447 1286 1493 quod
1319 1446 1394 1480 villa
1426 1450 1539 1480 nostra
1570 1447 1757 1491 prescripta
1787 1442 1986 1489 Lybocliow

107 1521 182 1544 cum
218 1510 374 1545 censibus
413 1516 445 1544 et
483 1510 646 1545 fructibus
686 1513 788 1557 ipisus
814 1515 853 1545 sit
884 1510 991 1544 soluta
1031 1514 1061 1543 et
1088 1509 1193 1543 libere
1233 1508 1273 1542 ad
1311 1519 1372 1542 nos
1412 1511 1616 1549 revertatur,
1655 1511 1684 1539 et
1721 1507 1781 1550 ipsi
1822 1504 1885 1538 hoe
1915 1507 1988 1538 sine

105 1574 334 1618 repugnancia
355 1576 453 1616 grate
474 1575 629 1618 recipere
649 1571 817 1606 debebunt
839 1583 901 1605 nec
922 1571 1099 1617 quidquam
1122 1570 1355 1604 contradicere
1376 1571 1515 1615 possintq
1539 1567 1597 1601 sed
1619 1570 1651 1600 in
1673 1577 1807 1600 omnem
1829 1569 1986 1599 eventum

106 1635 260 1679 superius
296 1633 477 1666 dominium
518 1637 550 1666 et
577 1635 675 1666 tuicio
715 1633 878 1667 dictorum
918 1643 1078 1666 censuum
1118 1635 1149 1665 in
1186 1635 1353 1677 potestate
1392 1635 1506 1664 nostra
1540 1633 1732 1663 nostrorum
1764 1627 1925 1661 heredum
1957 1631 1989 1659 et

104 1704 340 1728 successorum
379 1697 550 1740 perpetuis
589 1693 796 1740 temporibus
834 1705 971 1728 manere
1008 1692 1142 1727 debebit
1180 1697 1211 1726 et
1248 1695 1310 1738 ipsi
1348 1692 1471 1726 nudum
1511 1695 1543 1724 et
1582 1690 1714 1736 planum
1752 1699 1890 1722 censum
1915 1689 1984 1731 jain

105 1765 304 1801 expressum
334 1758 406 1789 sine
436 1755 681 1801 impedimentis
711 1754 909 1801 quibuslibet
940 1757 1095 1800 recipere
1125 1759 1155 1788 et
1187 1754 1305 1788 tollere
1335 1752 1515 1787 debebunt.
1546 1751 1581 1785 In
1603 1762 1683 1784 casu
1709 1761 1806 1783 vero.
1837 1752 1863 1782 si
1885 1748 1983 1782 alium

105 1826 255 1859 censum,
285 1820 320 1849 ut
347 1816 528 1862 prefertur,
558 1827 624 1850 non
654 1827 844 1850 emeremus
870 1816 955 1849 infra
979 1820 1108 1862 tempus
1129 1818 1363 1862 prescriptum.
1395 1818 1519 1847 extunc
1539 1815 1648 1846 statim
1670 1811 1838 1857 predictas
1860 1820 1982 1843 novem

105 1887 298 1922 sexagenas
333 1880 432 1911 annui
471 1889 593 1912 census
630 1880 663 1912 in
701 1878 786 1911 dicta
817 1877 894 1911 villa
924 1882 1038 1911 nostra
1068 1876 1267 1924 Lyboehow
1301 1881 1331 1910 et
1362 1879 1395 1910 in
1425 1878 1525 1909 certis
1555 1879 1585 1908 et
1615 1873 1701 1907 bene
1731 1873 1849 1906 locatis
1878 1871 1983 1905 laneis

105 1943 139 1972 et
166 1937 368 1974 hominibus.
399 1938 578 1972 dominium
610 1943 640 1972 et
656 1942 835 1973 tuicionem
866 1937 962 1972 nobis
992 1943 1222 1979 reservantes)
1254 1939 1496 1983 quamprimum
1524 1934 1634 1969 tabule
1656 1939 1745 1967 terre
1773 1931 1982 1979 patefierent.

105 2001 184 2045 ipsis
224 2002 382 2033 matutine
421 2003 523 2034 misse
558 2005 590 2034 et
625 2003 704 2046 ipsis
744 2003 824 2034 viris
862 2001 1070 2046 prescriptis
1110 2002 1165 2045 qui
1204 2003 1279 2034 sunt
1307 1998 1364 2032 vel
1392 2008 1453 2044 pro
1484 2002 1635 2043 tempore
1664 1996 1799 2029 fuerint.
1834 1993 1983 2028 indicare

105 2060 285 2094 ostendere
323 2065 356 2094 et
392 2064 612 2107 appropriare
648 2066 811 2108 perpetue
849 2060 1038 2095 tenebimur
1075 2065 1108 2094 et
1145 2060 1317 2094 debemus.
1374 2059 1445 2093 Nos
1475 2069 1558 2093 vero
1588 2056 1783 2091 Jarosslaus
1812 2054 1982 2101 sepefatus

105 2125 199 2155 actor
232 2126 264 2155 et
303 2121 433 2156 debitor
470 2123 662 2168 principalis
701 2127 730 2156 et
770 2134 831 2157 nos
867 2121 1039 2156 Johannes
1076 2121 1197 2155 fratres
1234 2124 1388 2166 germani
1426 2120 1467 2154 de
1495 2119 1707 2154 Mezerziecz
1746 2128 1819 2150 cum
1858 2118 1982 2149 nostris

105 2181 298 2225 heredibus„
327 2182 494 2217 Henricus
523 2183 564 2217 de
593 2183 685 2230 Lypa
715 2187 841 2225 senior,
872 2194 1049 2230 supremus
1080 2186 1176 2228 regni
1207 2182 1370 2216 Bohemie
1401 2180 1630 2215 marschalcus
1661 2184 1691 2213 et
1721 2177 1907 2212 Bolinssius
1941 2176 1981 2210 de

105 2241 280 2288 Eywancz
315 2247 619 2290 compromissores
656 2245 695 2278 ad
736 2248 845 2279 omnia
881 2247 1109 2291 suprascripta
1149 2246 1450 2289 compromittimus
1488 2253 1606 2276 omnes
1644 2244 1675 2275 in
1715 2239 1854 2273 solidum
1893 2237 1979 2271 bona

104 2307 217 2337 nostra
247 2303 323 2345 fide‚
346 2307 505 2338 universa
526 2310 557 2339 et
578 2305 707 2350 singula
729 2305 890 2352 prelibata
913 2305 1150 2340 inviolabiliter
1170 2311 1288 2339 tenere
1309 2315 1517 2338 conservare
1535 2308 1567 2337 et.
1587 2302 1769 2347 adimplere
1791 2300 1981 2344 dictumque

104 2364 288 2398 remedium
326 2376 503 2411 numquam
543 2367 730 2400 diminuere
769 2379 830 2400 nec
867 2368 1041 2412 impedire.
1080 2367 1138 2400 sed
1169 2366 1310 2400 fideliter
1339 2376 1467 2409 augere
1501 2369 1533 2397 et
1562 2373 1768 2409 promovere
1799 2359 1981 2394 nlaioribus

103 2428 209 2459 eciam
246 2425 448 2460 defensoriis
487 2430 655 2473 perpetuis
694 2428 812 2461 futuris
850 2427 1058 2474 temporibus
1097 2430 1181 2461 tueri
1220 2438 1282 2460 nec
1312 2437 1467 2471 umquam
1508 2429 1623 2459 contra
1655 2425 1817 2469 premissa
1848 2420 1978 2466 aliquod

104 2486 330 2532 impedimenti
359 2491 558 2532 attemptare
587 2499 651 2522 nec
681 2492 812 2522 mittere
842 2489 1006 2535 impediri.
1056 2488 1181 2522 Harum
1212 2487 1329 2534 quibus
1359 2487 1475 2532 sigillis
1506 2489 1628 2520 nostris
1659 2488 1834 2530 presentes
1864 2485 1979 2516 muni-

102 2550 212 2581 vimus
248 2550 438 2581 testimonio
478 2547 659 2582 literarum.
712 2549 832 2584 Datum
863 2561 950 2583 anno
981 2551 1103 2584 domini
1134 2550 1309 2583 millesimo
1340 2550 1577 2581 trecentesimo
1607 2547 1827 2589 nonagesimo
1857 2545 1976 2588 primo.

102 2609 155 2641 die
184 2608 419 2641 translacionis
450 2611 555 2642 sancti
586 2613 730 2643 martiris
762 2610 985 2645 Wencesslai.

415 2687 510 2721 (orig.
539 2688 619 2721 Perg,
646 2689 697 2713 mit
721 2691 735 2714 4
765 2690 790 2717 h,
817 2674 975 2715 vei-letzten
1002 2690 1050 2722 sig
1086 2691 1112 2714 in
1140 2691 1189 2715 ‹ler
1214 2689 1408 2715 Boeek'sehen
1435 2688 1492 2719 sig,
1519 2697 1545 2712 nr
1575 2687 1676 2712 10409
1703 2686 1738 2710 im
1769 2686 1802 2714 L,
1828 2685 1975 2711 Archiv—,u

1793 2735 1831 2763 2&
