2313 3090
1209 182 1229 215 3
1236 181 1282 215 6¹2

1198 286 1305 320 399.

314 349 503 393 ,llarhyras'
525 348 638 381 ,lodoh=
667 348 841 390 lieslalle'ffl
871 348 942 380 ilem
975 346 1138 379 Brumaer
1172 345 1513 389 Collegyiat—Cupite!
1542 357 1581 378 zu
1609 358 1636 379 s.
1668 346 1769 379 Peter
1799 347 1860 379 deu
1891 357 2002 378 (lienus
2029 347 2181 390 waliae.

963 397 1020 431 DI.
1054 398 1184 431 Bruma.
1219 397 1275 430 11.
1311 397 1385 430 Mai
1416 396 1525 430 1397.

470 451 556 503 Nos
595 470 742 502 ,totiacus
782 469 832 501 dei
872 471 987 512 gracia
1028 467 1178 501 marchio
1215 466 1564 511 Brandemburgensis
1603 471 1690 501 sacri
1727 470 1856 501 romani
1892 470 2021 512 imperii
2066 466 2184 500 archi—

313 535 529 565 camerarius.
568 530 716 563 marchio
756 534 786 562 et
826 529 978 562 dominus
1006 528 1160 562 Moravie
1190 528 1447 562 notumfacimus
1478 531 1594 561 tenore
1622 531 1833 573 presencium
1873 530 2052 562 universis.
2085 526 2182 568 Quod

313 593 351 625 ad
383 592 512 625 landem
544 596 571 623 et
606 590 766 624 lnnwrem
799 590 850 623 dci
880 592 1116 634 omnipotentis
1146 591 1286 634 ejusque
1316 590 1489 633 genitricis
1511 599 1644 634 semper
1664 591 1806 633 virginis
1827 588 1934 622 Marie
1956 593 1988 622 et
2008 587 2182 622 beatorum

313 652 399 685 Petri
440 656 469 684 et
508 651 597 684 Pauli
635 650 874 696 apostolorum.
906 650 1188 694 quemadmodum
1217 650 1298 683 alias
1329 654 1361 682 et
1390 648 1511 682 dudum
1542 651 1675 682 sincero
1705 652 1816 682 animo
1847 652 2063 695 concepimus
2093 653 2125 682 et
2152 651 2185 682 in

315 713 480 746 desiderio
511 717 541 745 et
572 716 649 744 voto
680 714 784 744 nostri
815 710 925 744 cordis
956 715 1031 743 actu
1060 713 1210 755 gerimus
1240 712 1413 755 cupientes
1442 709 1587 743 ecclesie
1617 713 1736 743 montis
1767 713 1872 743 sancti
1902 709 1990 743 Petri
2019 712 2051 742 in
2073 708 2184 743 Bruna

312 785 443 807 necnon
473 775 643 818 preposito
674 776 703 804 et
735 773 807 815 ejus
837 774 1074 805 canonicorum
1104 770 1389 816 prebendatorum
1420 769 1553 811 ibidem,
1583 773 1615 803 in
1643 773 1748 804 nostri
1770 770 1906 803 dominii
1928 770 2030 803 fundo
2051 770 2186 814 degen-

315 834 409 868 tibus.
441 838 573 867 statum.
604 832 835 866 condicionem
867 836 898 865 et
927 831 1091 874 ordinem„
1123 836 1278 876 qnantum
1310 834 1341 864 in
1370 830 1466 863 nohis
1496 835 1557 873 est,
1588 842 1661 864 cum
1693 831 1755 864 deo
1786 842 1846 876 pro
1867 835 2049 875 augmento
2069 835 2186 864 nostro

317 896 401 928 l'elici
433 894 580 927 adinstar
609 894 755 927 ecclesie
787 893 1033 929 (domucensis
1064 895 1178 925 matris
1208 891 1369 925 eiusdem.
1400 896 1497 937 prout
1525 891 1693 925 informati
1723 903 1837 925 sumus
1864 891 1978 925 facere
2000 891 2185 933 meliorem,

315 957 353 989 ad
371 956 628 1001 supplicacionis
650 957 823 1000 peticionis
854 956 1051 987 instanciam
1082 953 1245 986 dictorum
1275 942 1435 998 prepositi
1466 958 1494 986 et
1527 953 1659 998 capituli
1688 965 1801 986 coram
1832 952 1928 987 nobis
1964 943 2188 998 personaliter

315 1021 566 1051 constitutorum
590 1020 619 1049 et
643 1016 764 1049 devote
785 1015 1059 1060 supplicanciuim
1081 1018 1244 1058 quatenus
1264 1014 1394 1059 prefate
1414 1019 1528 1047 nostre
1559 1015 1703 1048 ecclesie
1733 1025 1770 1047 ac
1801 1017 1880 1059 ipsis
1911 1013 1951 1047 (le
1972 1013 2188 1058 benignitatis

314 1083 428 1112 nostre
468 1077 720 1122 magnificencia
761 1080 792 1109 et
830 1078 1004 1119 signanter
1041 1086 1101 1120 pro
1140 1078 1322 1119 augmento
1358 1074 1471 1108 salutis
1506 1075 1648 1108 fidelium
1688 1078 1871 1108 animarum
1911 1079 2061 1108 nostrum
2098 1076 2187 1120 pium

317 1150 517 1172 consensum
548 1141 672 1183 pariter
702 1142 732 1169 et
763 1147 937 1169 assensum
968 1135 1075 1180 quoad
1107 1146 1228 1168 annum
1259 1138 1387 1180 gracie.
1418 1146 1478 1181 pro
1507 1135 1670 1169 defunctis
1691 1138 1863 1169 canonicis
1884 1138 1916 1168 in
1937 1135 2022 1168 dicta
2044 1134 2188 1168 ecclesia

317 1201 474 1245 deinceps
511 1198 735 1241 statuendum.
775 1197 962 1231 faciendum
1001 1201 1031 1229 et
1062 1196 1240 1229 tenendum
1272 1208 1311 1229 ac
1341 1199 1509 1241 perpetuis
1539 1195 1743 1242 temporibus
1774 1195 2037 1238 observandum„
2068 1199 2100 1228 et
2128 1206 2190 1240 per

319 1273 381 1306 que
421 1271 656 1294 successorum
697 1262 726 1292 in
766 1257 936 1304 prebenda
977 1256 1208 1290 defunctorum
1249 1257 1356 1290 (lande
1395 1261 1427 1290 et
1463 1260 1535 1290 sine
1573 1259 1756 1290 renitencia
1787 1255 1932 1290 fideliter
1960 1255 2188 1301 persolvende
2231 1268 2236 1273 ¹

317 1323 465 1356 adinstar
504 1321 739 1354 ttlonincensis
778 1319 922 1353 ecclesie
962 1318 1111 1364 predicte
1148 1329 1221 1351 cum
1253 1317 1340 1351 dicto
1370 1322 1484 1351 nostro
1514 1317 1657 1363 capitulo
1686 1320 1718 1350 in
1748 1321 1817 1350 toto
1847 1316 2098 1359 concordandffi
2127 1325 2188 1361 pro

318 1384 435 1417 eodem
474 1382 553 1416 dare
594 1386 624 1415 et
663 1381 853 1414 concedere
890 1379 1118 1424 dignaremur.
1160 1378 1229 1412 Nos
1267 1383 1377 1412 autem
1416 1377 1598 1412 deliberato
1637 1382 1667 1412 et
1707 1378 1747 1411 de
1777 1382 1868 1411 certa
1899 1382 2013 1411 nostra
2043 1379 2188 1411 sciencia

320 1449 447 1477 maturo
486 1442 626 1476 consilio
666 1440 841 1487 prehabito
878 1442 1057 1486 presertim
1097 1439 1302 1485 prefatorum
1341 1441 1500 1484 prepositi
1540 1443 1572 1472 et
1609 1439 1742 1484 capituli
1781 1438 1959 1471 humilibus
1989 1448 2028 1471 ac
2058 1437 2190 1471 devotis

318 1503 620 1550 supplicacionibus
659 1506 772 1548 utpote
802 1503 900 1545 justis
930 1512 969 1534 ac
998 1500 1258 1534 racionabilibus
1287 1503 1474 1544 graciosius
1503 1501 1718 1534 concedimus
1749 1505 1779 1533 et
1809 1500 1971 1544 largimur
2000 1499 2190 1543 dictumque

319 1577 439 1599 annum
469 1567 597 1609 gracie.
628 1568 722 1609 prout
754 1561 1003 1596 racionabiliter
1030 1573 1091 1607 per
1111 1572 1170 1595 eos
1191 1565 1358 1595 institutus
1379 1564 1503 1604 existit,
1525 1561 1759 1607 approbamus.
1781 1560 1966 1594 laudamus.
1988 1558 2190 1593 ratificamus

320 1631 348 1660 et
389 1629 508 1670 vigore
548 1627 758 1671 presencium
798 1623 1045 1657 confirmamus.
1085 1622 1283 1656 Mandamus
1321 1625 1421 1667 igitur
1459 1625 1523 1655 imo
1562 1622 1716 1655 volumus
1755 1626 1785 1654 et
1826 1623 2028 1666 precipimus
2054 1622 2191 1669 *virtute

320 1690 531 1733 presencium
568 1686 628 1719 suh
665 1685 799 1719 obtentu
829 1687 945 1729 gracie
975 1688 1092 1717 nostre
1121 1695 1160 1716 ac
1189 1687 1379 1716 nostrorum
1410 1693 1642 1717 successorum
1674 1682 1793 1715 favore
1822 1684 1995 1725 graciose,
2025 1684 2190 1724 quatenus

320 1748 453 1794 quilibet
484 1748 630 1793 prelatus
661 1751 691 1779 et
722 1748 904 1779 canonicus
934 1756 994 1790 per
1022 1755 1095 1787 nos,
1126 1744 1271 1778 heredes
1301 1748 1356 1777 aut
1385 1754 1601 1778 successores
1630 1747 1765 1776 nostros
1795 1742 2009 1775 marchiones
2037 1740 2192 1775 Moravie

321 1814 373 1842 aut
413 1819 630 1854 quascunque
670 1808 750 1840 alias
788 1817 962 1852 personase
1003 1809 1230 1850 cuiuscunque
1269 1810 1373 1840 status
1409 1804 1615 1838 condicionis
1654 1803 1787 1845 suerint„
1835 1805 2108 1848 quociescunque
2150 1801 2189 1834 ad

322 1870 522 1915 prelaturam
553 1880 610 1902 seu
642 1871 874 1901 canonicatum
902 1867 988 1900 dicte
1009 1871 1123 1900 nostre
1145 1866 1289 1899 ecclesie
1310 1870 1520 1912 presentatus
1541 1870 1571 1898 et
1593 1869 1748 1910 receptus
1769 1864 1916 1909 legitime
1937 1864 2048 1903 fuerit,
2070 1862 2191 1896 dictum

321 1941 441 1963 annum
480 1932 596 1974 gracie
634 1932 707 1962 sive
747 1928 874 1961 medios
912 1927 1040 1961 fructus
1070 1930 1100 1960 in
1130 1930 1234 1961 nostri
1266 1926 1357 1960 fundi
1387 1927 1533 1960 dominio
1563 1928 1786 1959 consistentes
1815 1935 1875 1971 pro
1905 1927 2014 1957 anima
2045 1922 2193 1957 defuncti

322 1993 474 2024 canonici
503 1994 552 2024 sui
582 1990 835 2036 predecessoris
860 1990 955 2032 juxta
987 1993 1099 2022 taxam
1129 1988 1376 2021 decernendam
1407 1987 1493 2021 dicto
1524 1989 1695 2033 preposito
1726 1991 1758 2019 et
1778 1985 1923 2031 capitulo
1945 1987 2017 2019 sine
2046 1982 2191 2029 qualibet

322 2054 505 2085 renitencia
545 2051 681 2084 solvere
721 2048 839 2083 debeat
872 2061 910 2082 ac
940 2060 999 2094 pro
1030 2049 1148 2082 eodem
1179 2060 1253 2082 cum
1283 2049 1398 2082 iisdem
1429 2048 1648 2081 effectualiter
1677 2046 1887 2080 concordare
1917 2057 1955 2079 ac
1985 2044 2190 2091 prefatorum

323 2117 442 2146 statuta
473 2117 505 2145 et
533 2112 660 2156 legales
690 2110 954 2145 observaciones
992 2110 1179 2144 nullatenus
1210 2109 1501 2155 transgrediendo7
1532 2113 1821 2153 transgressorem
1852 2118 1936 2141 vero
1967 2111 1999 2140 et
2028 2105 2191 2140 mandatis

323 2176 444 2207 nostris
483 2185 522 2207 ac
560 2173 721 2206 heredum
761 2176 792 2205 ct
829 2182 1065 2206 successorum
1104 2176 1308 2209 nostrorum,
1346 2175 1380 2204 ut
1417 2172 1628 2216 premittitm:
1668 2180 1733 2202 non
1772 2172 1944 2214 parentem
1984 2166 2191 2209 mandamus,

325 2235 491 2268 volumus.
527 2234 700 2268 hortamur
738 2238 770 2266 et
806 2235 948 2279 petimus
977 2243 1037 2277 per
1066 2232 1270 2266 ordinarium
1299 2232 1362 2265 loci
1392 2235 1446 2264 aut
1476 2230 1765 2275 archiepiscopum
1796 2216 2016 2273 Praeghsem,
2046 2230 2101 2273 qui
2132 2237 2191 2273 pro

326 2301 475 2341 tempore
516 2295 649 2329 fuerint.
686 2306 746 2340 per
782 2294 888 2327 dictos
924 2296 1131 2339 prepositum
1171 2298 1203 2326 et
1240 2291 1417 2338 capitulum
1457 2291 1494 2324 ad
1527 2293 1629 2336 ipsius¹
1658 2293 1734 2323 anni
1764 2292 1880 2335 gracie
1910 2288 2192 2323 observacionem

324 2357 447 2390 realem
487 2361 517 2389 et
555 2355 763 2389 ell'ectualem
803 2359 867 2388 tam
904 2365 963 2400 per
992 2354 1262 2388 subii-accionem
1292 2355 1499 2399 porcionuim
1530 2350 1804 2384 distrilmcionem
1836 2361 1956 2396 panum
1987 2354 2018 2383 et
2047 2349 2191 2383 aliorum

320 2419 442 2459 jurium
480 2416 735 2450 canonicalium.
773 2426 869 2460 quani
901 2418 1006 2448 eciam
1037 2426 1098 2460 per
1127 2425 1288 2448 censuras
1317 2413 1566 2447 ecclesiasticas
1596 2416 1625 2445 ct
1657 2411 1718 2445 alia
1745 2413 1831 2455 Juris
1861 2410 2010 2444 remedia
2040 2408 2193 2456 compelli

325 2482 354 2509 et
394 2477 502 2510 induci
538 2488 611 2510 cum
649 2476 781 2511 effectu.
818 2480 915 2522 prout
950 2476 1110 2509 honestas
1148 2475 1178 2509 id
1208 2477 1357 2520 requirit.
1389 2473 1602 2507 Presencium
1635 2471 1695 2506 sub
1725 2474 1830 2506 nostri
1859 2474 2066 2518 appensione
2095 2469 2194 2515 sigilli

327 2541 516 2571 testimonio
547 2538 729 2571 literarum.
761 2538 880 2571 Datum
912 2537 1024 2571 Brune
1054 2548 1140 2571 anno
1171 2536 1293 2570 domini
1324 2534 1499 2568 millesimo
1529 2536 1767 2567 trecentesimo
1797 2535 2018 2578 nonagesimo
2039 2534 2194 2578 septimo*9

327 2599 499 2632 undecima
530 2598 618 2632 Maii.

637 2660 767 2685 (liis-crirt
793 2660 819 2685 in
845 2660 894 2685 ‹lci-
918 2657 1270 2693 Bestitttigungsurkunde
1293 2656 1343 2682 des
1367 2656 1441 2682 Olm.
1469 2655 1617 2681 liis-choses
1643 2655 1740 2681 Laeek
1765 2655 1829 2680 ddo.
1849 2654 1996 2680 Kremsier
2015 2654 2062 2680 11.
2082 2653 2196 2688 August

538 2704 626 2731 riori,
652 2719 692 2722 —
717 2704 782 2737 vgt.
810 2704 934 2729 Fasseau
959 2712 1026 2737 pars
1050 2703 1105 2728 ΙΙΙ.
1130 2711 1157 2736 p.
1183 2701 1226 2735 4.)
2032 2694 2037 2699 ⁵
