2313 3090
1016 202 1088 236 129

118 310 249 342 nomine
290 307 466 349 sufferatis
508 311 561 340 aut
602 309 689 352 ipsas
728 306 981 347 observancins„
1020 319 1084 352 quo
1123 307 1162 340 ad
1202 309 1476 340 interessenciam
1508 305 1599 339 horis
1629 305 1768 349 singulis
1798 305 1986 339 divinorum

117 367 234 402 officiis
274 367 452 410 moderari,
492 367 642 401 alleniari
681 373 712 401 et
750 368 926 402 observari
966 368 1147 401 modestius
1186 379 1290 412 usque
1329 367 1368 400 ad
1408 370 1522 400 nostre
1562 366 1740 400 voluntatis
1779 365 1986 411 beneplacita

118 428 256 462 faciatis.
288 427 503 461 Presencium
533 427 593 461 sub
623 433 738 461 nostro
768 429 877 473 sigillo
907 431 1096 462 testimonio
1126 428 1307 461 literarum.
1346 428 1466 461 Datum
1497 430 1527 460 in
1558 426 1719 460 Budwicz
1749 437 1835 459 anno
1866 426 1987 459 domini

118 488 292 522 millesimo
323 491 561 521 trecentesimo
591 492 812 533 nonagesimo
843 491 959 532 terem,
991 489 1043 522 die
1073 491 1233 523 vicesima
1265 491 1367 521 tercia
1399 490 1522 521 mensis
1552 486 1690 533 Aprilis.

427 619 657 653 (Eine'eschaltet
682 620 708 644 iu
735 620 783 645 aler
809 620 997 653 Recoguition
1024 620 1072 645 (les
1098 620 1307 644 Areliidiaeous
1332 620 1448 647 Saiitler,
1488 620 1552 645 (ido.
1579 619 1693 644 Olmiitz
1720 619 1768 645 ⁴28,
1796 618 1852 643 Mai
1880 618 1985 645 1395'1‚l

997 844 1100 878 141.

116 929 190 963 Der
222 929 436 964 Obrowitz-er
465 930 535 963 Abt
563 930 751 964 Jaroslaas
781 931 983 975 beuuftrafst
1011 931 1067 964 «lie
1087 930 1234 975 Pfarrer
1265 932 1296 963 in
1319 930 1459 963 illosum
1480 933 1558 969 etex„
1589 930 1670 962 dass
1690 931 1741 962 see
1762 930 1816 962 die
1838 928 1985 973 Psarrer

236 990 386 1033 ΒοΙιάαί,
419 991 570 1024 ΔὶΙίεΙιιιεί
598 994 661 1025 ele.
695 1003 756 1024 ror
784 994 858 1025 sein
891 991 1030 1025 (iericlzt
1059 993 1193 1024 citit-en.
1227 990 1284 1024 Dt.
1320 990 1493 1023 Obrowitz
1522 990 1583 1024 30.
1618 990 1720 1034 Apri!
1750 989 1859 1023 1393.

278 1075 473 1129 Jaroslaus
503 1098 725 1130 miseracione
755 1097 866 1130 divina
897 1096 999 1130 abbas
1029 1098 1221 1129 monasterii
1253 1095 1348 1128 beate
1376 1095 1483 1129 Marie
1505 1098 1647 1139 virginis
1667 1094 1984 1128 Zabrdowiczensis

113 1167 218 1202 prope
246 1155 392 1190 Brunam
427 1184 433 1190 .
465 1184 471 1190 .
505 1185 510 1190 .
544 1184 550 1190 .
577 1157 684 1202 judex
714 1162 746 1191 et
775 1162 997 1191 conservator
1026 1160 1206 1202 perpetuus
1222 1157 1346 1200 jurium
1378 1160 1409 1189 et
1430 1156 1681 1201 privilegiorum
1714 1183 1720 1189 .
1754 1183 1761 1189 .
1793 1183 1799 1189 .
1832 1183 1838 1188 .
1871 1155 1984 1188 liono-

112 1216 264 1251 rabilium
294 1222 326 1251 et
354 1218 590 1262 religiosorum
621 1221 770 1252 virorum
802 1219 1009 1252 dominorum
1041 1219 1192 1262 magistri
1222 1221 1254 1250 et
1283 1216 1421 1250 fratrum
1443 1216 1568 1249 ordinis
1597 1216 1841 1250 cruciferorum
1863 1216 1984 1261 bospi-

113 1278 186 1312 talis
215 1281 321 1313 sancti
349 1278 512 1312 Joliannis
540 1279 802 1313 Jerosolimitani
833 1279 952 1312 dudum
975 1290 991 1312 a
1013 1279 1094 1312 sede
1120 1277 1302 1324 apostolica
1324 1277 1516 1323 specialiter
1536 1277 1710 1322 deputatus
1732 1276 1984 1311 honorabilibus

111 1343 144 1373 et
172 1339 324 1373 discretis
354 1342 435 1373 viris
465 1339 606 1373 dominis
636 1343 667 1373 in
696 1339 861 1385 Mostycz*
893 1343 923 1373 in
945 1339 1032 1373 Bora
1054 1339 1259 1373 Bohemicali
1280 1343 1311 1372 et
1332 1342 1362 1372 in
1384 1340 1550 1383 superiori
1571 1337 1739 1371 Bobrovia
1762 1338 1982 1371 ecclesiarum

111 1399 261 1446 plebanis
292 1427 298 1434 .
331 1427 338 1434 .
370 1428 376 1434 .
411 1428 416 1433 .
448 1403 502 1445 qui
531 1400 743 1446 presentibus
773 1401 901 1434 fueritis
932 1403 1093 1446 requisiti,
1123 1400 1282 1434 seualter
1311 1404 1462 1433 vestrum
1492 1399 1592 1432 fuerit
1621 1402 1811 1443 requisitus„
1841 1399 1983 1432 salutem

110 1464 142 1495 in
171 1461 305 1495 domino
335 1465 368 1494 et
397 1461 559 1495 mandatis
588 1465 711 1495 nostris
740 1465 806 1495 imo
838 1465 951 1495 verius
980 1461 1172 1506 apostolicis
1201 1460 1340 1494 firmiter
1369 1459 1517 1494 obedire.
1564 1459 1774 1493 Discrecioni
1804 1464 1919 1493 vestre
1950 1462 1980 1493 in

110 1525 233 1556 virtute
271 1527 386 1556 sancte
424 1522 620 1557 obediencie
659 1527 692 1556 et
728 1522 788 1556 sub
827 1525 1193 1556 exeommunicacionis
1222 1522 1286 1554 late
1315 1523 1488 1554 sentencie
1519 1523 1625 1565 penis„
1664 1531 1762 1565 quam
1797 1523 1829 1554 in
1858 1532 1920 1554 vos
1951 1517 1983 1553 et

109 1582 290 1629 quemlibet
318 1588 482 1628 vestrum,
513 1587 540 1618 si
568 1595 709 1630 presens
740 1584 928 1617 mandatum
951 1588 1100 1617 nostrum
1131 1585 1196 1616 imo
1223 1585 1338 1616 verius
1358 1581 1577 1627 apostolicum
1598 1580 1848 1626 quomodolibet
1870 1581 1985 1615 l'acere

109 1649 142 1678 et
170 1644 353 1690 adimplere
382 1647 604 1682 recusaverin
635 1648 833 1679 auctoritate
863 1649 975 1678 nostra
1006 1647 1072 1677 imo
1093 1647 1208 1677 verius
1228 1642 1409 1688 apostolica
1435 1641 1531 1675 nobis
1553 1644 1583 1674 in
1605 1641 1668 1674 hac
1689 1645 1782 1686 parte
1804 1644 1983 1675 commissa

110 1705 247 1739 serimus
276 1709 308 1739 in
337 1705 388 1740 his
418 1708 563 1751 scriptis,
602 1706 751 1739 districte
781 1705 996 1751 precipiendo
1027 1705 1235 1741 mandamusq
1274 1709 1436 1750 quatenus
1466 1702 1575 1737 babila
1607 1705 1818 1749 presencium
1850 1705 1984 1737 noticia.

109 1767 273 1801 dilacione
311 1771 439 1801 remota
479 1767 643 1800 discretos
682 1770 773 1800 viros
812 1767 964 1799 dominos
994 1765 1179 1799 Bobdalum
1218 1768 1249 1798 in
1279 1764 1494 1798 theotonicali
1524 1763 1698 1810 Kynlieyh
1734 1762 1921 1797 Jobannem
1954 1765 1982 1796 in

109 1827 303 1862 Bobrowka
342 1828 423 1862 alias
462 1831 493 1862 in
531 1827 747 1874 Kapilbobra,
786 1826 1008 1861 michahelem
1049 1829 1079 1859 in
1120 1826 1268 1860 inferiori
1307 1825 1476 1859 Bobrovia
1517 1830 1549 1858 et
1583 1824 1767 1870 Georgium
1808 1827 1838 1857 in
1870 1823 1984 1857 Obecz

109 1888 327 1922 ecclesiarum
357 1888 518 1935 plebanos
548 1893 580 1922 et
610 1893 760 1921 rectores
790 1888 876 1921 dicte
908 1881 1142 1921 Oloniucensis
1172 1887 1315 1920 diocesis
1342 1886 1565 1932 personaliter
1586 1889 1753 1923 invento&
1785 1888 1810 1919 si
1833 1888 1979 1930 ipsorum

109 1949 250 1983 comode
280 1953 491 1996 presenciam
522 1949 648 1983 habere
677 1951 839 1995 poteritis„
871 1949 951 1982 alias
981 1948 1112 1993 publice
1142 1959 1255 1981 coram
1287 1950 1433 1993 ipsorum
1465 1947 1587 1980 familia
1611 1951 1642 1980 et
1673 1950 1703 1979 in
1729 1946 1882 1980 ecclesiis
1903 1948 1982 1979 suis.

108 2011 183 2044 dum
222 2009 343 2044 ibidem
383 2010 422 2043 ad
462 2011 573 2044 divina
614 2013 720 2044 maior
758 2010 868 2056 populi
910 2009 1080 2043 multitudo
1121 2011 1319 2043 convenerit
1358 2014 1390 2043 et
1426 2008 1507 2042 alias
1546 2007 1600 2041 ubi
1630 2018 1771 2040 necesse
1801 2006 1913 2042 fuerin
1954 2009 1983 2038 in

108 2075 256 2105 nostram
294 2075 521 2117 peremptorie
556 2075 664 2105 citetis
705 2074 927 2118 presenciam„
958 2081 1042 2115 quos
1081 2074 1112 2102 et
1142 2080 1202 2103 nos
1232 2068 1442 2115 presentibus
1474 2071 1612 2102 citamus
1642 2070 1839 2101 anctoritate
1871 2070 1984 2099 nostra

109 2135 174 2166 imo
202 2134 318 2166 verius
347 2132 546 2178 apostolica,
576 2137 609 2165 ut
638 2144 739 2178 super
769 2136 918 2177 quartam
951 2131 1066 2164 feriam
1099 2133 1252 2176 proxime
1282 2134 1477 2175 sequentem
1508 2133 1584 2175 post
1604 2129 1803 2161 dominicam
1831 2126 1982 2171 „Vocem

103 2192 344 2237 jucunditatis“
382 2192 463 2226 liora
503 2196 680 2226 terciarnm
720 2204 833 2226 coram
873 2191 968 2225 nobis
1008 2194 1037 2224 in
1079 2193 1282 2224 monasterio
1321 2190 1472 2236 predicto
1516 2189 1664 2233 legitime
1694 2191 1912 2233 compareant
1945 2187 1982 2219 ad

108 2256 303 2287 instanciam
347 2253 496 2298 religiosi
540 2253 651 2287 fratris
695 2254 818 2287 domini
862 2253 990 2287 Nicolai
1028 2252 1185 2285 cruciferi
1229 2251 1304 2284 dicti
1344 2250 1468 2283 ordinis
1508 2255 1539 2283 et
1577 2249 1707 2295 plebani
1746 2259 1804 2281 sen
1843 2249 1984 2280 rectoris

109 2314 281 2360 hospitalis
310 2317 343 2348 in
372 2314 518 2360 Antiqua
549 2314 660 2348 Bruna
691 2315 730 2348 ad
761 2315 848 2348 litem
880 2314 1131 2347 contestandain
1164 2324 1203 2345 ac
1232 2312 1270 2345 ad
1303 2311 1480 2355 jurandum
1521 2315 1550 2343 et
1577 2312 1683 2355 jurari
1723 2308 1902 2341 videndum
1943 2308 1983 2340 de

109 2375 295 2420 calumpnia
325 2379 358 2408 et
386 2378 541 2419 veritate,
571 2387 702 2409 necnon
732 2375 770 2409 ad
802 2375 990 2420 ponendum
1023 2378 1053 2406 et
1085 2373 1326 2406 artienlandum
1359 2375 1391 2405 et
1428 2374 1505 2417 poni
1542 2376 1570 2403 et
1599 2370 1766 2403 articulari
1804 2368 1982 2402 videndum

109 2446 210 2481 super
240 2435 350 2469 libello
379 2446 440 2481 per
468 2436 587 2469 dictam
619 2441 745 2482 partem
775 2439 932 2469 actricem
959 2435 1164 2479 judicialiter
1185 2433 1295 2466 oblato
1317 2437 1348 2465 et
1369 2433 1430 2465 alia
1453 2435 1482 2465 in
1504 2431 1654 2477 predicto
1677 2432 1816 2462 termino
1840 2428 1983 2461 videnda

108 2500 141 2530 et
170 2495 335 2535 faciendae
373 2506 437 2541 quc
473 2496 649 2530 dictaverit
679 2498 765 2541 juris
794 2496 888 2537 ordoff
929 2498 1084 2529 inlimatis
1115 2494 1271 2540 predictis
1301 2495 1368 2526 reis
1400 2497 1431 2525 et
1473 2494 1591 2528 citatis*
1622 2489 1708 2535 quod
1738 2493 1812 2523 sive
1841 2498 1984 2533 compa—

108 2559 235 2590 ruerint
270 2559 300 2589 in
339 2556 427 2589 dicto
456 2559 534 2601 ipsis
563 2556 692 2602 prolixo
723 2560 863 2590 termino
904 2561 959 2589 aut
996 2568 1074 2598 non⁷
1113 2566 1173 2588 nos
1204 2557 1316 2598 utique
1349 2552 1389 2586 ad
1422 2555 1617 2585 instanciam
1647 2552 1780 2583 actricis
1810 2551 1914 2594 partis
1943 2548 1982 2581 ad

107 2617 263 2651 alteriora
307 2616 528 2662 procedemus
571 2621 601 2650 in
646 2617 792 2662 predicta
836 2629 950 2651 (musa.
994 2621 1091 2662 prout
1129 2619 1247 2649 iustum
1293 2614 1390 2647 fuerit
1429 2618 1458 2645 et
1493 2614 1559 2656 juri
1599 2621 1795 2653 consonum,
1836 2612 1982 2655 ipsorum

106 2677 264 2711 ubsencia
304 2688 362 2711 seu
401 2680 609 2710 contumacia
649 2689 713 2711 non
752 2677 915 2711 obstante.
974 2677 1011 2710 Et
1044 2680 1072 2710 in
1104 2680 1235 2719 signum
1266 2678 1380 2708 vestre
1410 2675 1627 2706 execucionis
1657 2675 1836 2717 presentes
1866 2670 1979 2705 literas

1815 2732 1850 2757 17
