2313 3090
314 297 454 341 sing-ulis
483 297 554 330 aliis
584 295 776 330 baronibus*
808 295 972 329 militibus.
1007 295 1196 336 clientibus„
1226 295 1423 339 fautoribus,
1453 297 1691 332 adherentibus
1721 303 1749 332 et
1782 298 1999 332 familiaribus
2028 302 2189 344 ipsorum,

314 368 397 402 quos
427 368 539 390 secum
570 358 610 390 ad
642 362 754 390 nostre
787 359 966 389 maiestatis
996 359 1207 401 presenciam
1240 356 1412 390 ducendos
1442 358 1668 394 decreverint.
1709 362 1922 392 securitatem
1962 363 2065 393 nostri
2104 361 2189 395 salvi

314 418 497 451 conductus
537 418 686 451 dedimus
724 422 754 450 et
792 417 1001 455 donavimusq
1042 417 1158 451 damus
1197 420 1320 451 virtute
1360 421 1569 463 presencium
1613 422 1802 464 graciosius
1846 424 1877 453 et
1923 420 2085 454 donamus
2128 432 2188 467 pro

312 478 515 511 tractatibus.
556 482 641 511 inter
679 489 738 511 nos
777 480 942 522 utrimque
981 477 1101 511 dudum
1139 481 1323 524 conceptis.
1363 477 1504 512 finaliter
1542 479 1790 523 consumamus,
1844 480 1883 513 ad
1926 491 1987 514 nos
2030 483 2189 516 veniendi

312 538 484 572 nobiscum
524 539 630 571 standi
670 543 699 571 et
739 550 756 570 a
795 537 890 571 nobis
928 538 968 571 ad
1007 542 1141 584 propria
1182 538 1285 572 libere
1315 539 1520 572 revertendi.
1559 551 1620 585 pro
1650 540 1745 574 nobis
1775 545 1807 573 et
1836 540 1989 575 omnibus
2018 541 2093 579 hiis.
2132 546 2186 588 qui

313 610 413 631 eausa
454 602 558 632 nos-tri
598 599 721 631 faciunt
760 603 791 632 et
830 599 1005 642 dimittunt,
1047 599 1122 633 dolo
1159 604 1192 633 et
1230 599 1347 633 fraude
1387 599 1583 645 quibuslibet
1630 601 1859 646 proculmotis.
1901 601 2000 636 rebus
2039 605 2187 648 ipsorum

315 659 535 704 quorumlibet
566 660 667 693 salvis
697 664 822 705 pariter
852 666 884 694 et
912 664 1076 706 personis.
1134 661 1370 694 Promittentes
1408 664 1439 694 in
1470 661 1575 695 verbo
1606 664 1713 706 regim
1753 662 1840 695 liunc
1875 667 2025 696 nostrum
2056 663 2184 698 salvum

313 720 510 753 conductum
541 732 601 765 per
630 732 703 757 nos.
735 721 883 755 fautores
913 726 945 754 et.
975 721 1178 755 adherentes
1207 726 1341 755 nostros
1371 724 1608 767 cuiuscumque
1638 722 1763 767 gradus
1793 727 1896 756 status
1927 723 2134 758 condicionis
2155 729 2187 758 et

313 785 561 826 preeminencie
592 781 724 815 fuerint.
756 786 787 814 ut
818 785 1029 828 premittitur:
1059 786 1131 816 sine
1161 782 1278 816 fraude
1308 781 1543 816 inviolabiliter
1573 782 1760 817 observare
1790 795 1806 816 a
1838 784 2002 817 dominica
2019 787 2185 830 proxima,

312 853 373 885 qua
405 847 557 875 cantatur
586 842 833 885 Reminiscerm
866 855 970 889 usque
992 843 1031 877 ad
1054 843 1253 877 dominicam
1281 843 1401 877 Letare
1422 844 1587 877 inclusive
1608 845 1814 877 duraturum.
1845 844 1898 878 Ad
1922 845 2018 878 linem
2042 855 2187 891 quoque,

311 908 341 935 ut
374 914 391 935 a
421 903 551 949 prefato
582 908 696 937 nostro
727 904 822 937 salvo
853 904 1018 937 conductu
1049 907 1157 938 omnis
1186 916 1324 950 prorsus
1354 905 1486 938 tollatur
1516 908 1675 951 suspicio„
1705 908 1956 939 serenissimum
1987 908 2197 951 principem..

313 964 479 997 (lominum
512 963 775 1009 Sigismundum.
808 965 971 1010 Ungarie„
1000 965 1187 1001 Dalmacie.
1218 965 1361 999 Croacie
1382 970 1444 999 etc*
1469 977 1597 1011 regem.
1629 965 1765 999 fratrem
1788 970 1938 999 nostrum
1962 969 2185 1005 carissimum

312 1029 400 1057 motu
430 1028 566 1070 proprio
597 1025 834 1070 requirendum
867 1025 1021 1059 duximus
1051 1030 1083 1059 et
1112 1026 1311 1071 rogandum,
1347 1032 1378 1060 ut
1409 1027 1555 1071 sigillum
1586 1038 1679 1059 suum
1710 1031 1824 1060 nostre
1855 1029 2037 1061 maiestatis
2075 1027 2186 1072 sigillo

311 1085 520 1130 presentibus
551 1087 693 1132 appendi
724 1086 822 1120 saciat
852 1091 884 1119 et
913 1087 1060 1132 adiungi.
1092 1086 1306 1121 Presencium
1328 1087 1388 1120 sub
1409 1090 1504 1131 regie
1525 1091 1639 1120 nostre
1660 1089 1843 1121 maiestatis
1864 1087 1973 1131 sigillo
1994 1090 2185 1122 testimonio

310 1146 492 1179 literarum.
549 1146 668 1180 Datum
699 1147 808 1192 Frage
839 1159 927 1181 anno
957 1148 1079 1181 domini
1111 1148 1284 1181 millesimo
1314 1150 1553 1181 trecentesimo
1584 1151 1805 1192 nonagesimo
1835 1152 1945 1191 sexto,
1975 1147 2058 1181 feria
2090 1152 2185 1182 sexta

309 1210 460 1251 proxima
497 1212 573 1241 ante
612 1208 811 1242 dominicam
851 1212 881 1242 in
916 1210 1056 1253 jeiuniQ
1096 1220 1159 1254 qua
1196 1213 1348 1242 cantatur
1376 1208 1622 1251 Reminiscere,
1661 1219 1845 1253 regnorum
1875 1213 2067 1243 nostrorum
2098 1220 2186 1243 anno

312 1267 447 1301 Boemie
484 1271 654 1303 tricesimo
702 1273 818 1312 tercio„
860 1269 1090 1303 Romanorum
1140 1280 1224 1302 vero
1264 1269 1340 1303 XX.
1398 1268 1468 1303 Nos
1508 1280 1640 1314 quoque
1685 1268 1922 1314 Sigismundus
1969 1270 2021 1303 dei
2069 1273 2186 1315 gracia

310 1328 469 1373 t'ngarie.
500 1329 684 1364 Dalmacie.
719 1329 862 1364 Croacie
892 1335 954 1364 etc.
995 1341 1057 1363 rex
1096 1330 1354 1364 notuinsacimus
1393 1335 1511 1364 tenore
1550 1332 1761 1375 presencium
1801 1332 1981 1374 universis„
2019 1330 2105 1375 quod
2145 1331 2184 1364 ad

308 1401 428 1435 preces
457 1393 665 1425 serenissimi
695 1394 854 1437 principis
885 1396 916 1425 et
946 1391 1082 1434 domini,
1113 1391 1236 1425 domini
1268 1391 1463 1425 wenceslai
1492 1390 1722 1425 Romanorum
1753 1393 1845 1436 regis
1875 1401 2010 1436 semper
2038 1391 2185 1436 Augusti

307 1455 339 1484 et
375 1451 513 1485 Boemie
557 1455 660 1497 regis„
706 1452 818 1486 fratris
860 1455 965 1486 nostri
1009 1454 1170 1486 carissimi
1215 1452 1367 1497 predicti,
1410 1451 1452 1485 ob
1494 1455 1654 1485 maiorem
1699 1454 1914 1485 securitatem
1957 1452 2183 1498 predictorum

308 1511 482 1555 baronunn
513 1517 547 1546 ut
575 1516 786 1558 premittitur*
817 1513 960 1558 sigillum
993 1518 1144 1547 nostrum
1176 1515 1323 1558 presenti
1352 1512 1448 1546 litere
1477 1512 1696 1558 appendimus
1727 1515 1757 1545 111
1789 1514 2012 1546 testimonium
2034 1515 2184 1558 premis-

309 1584 433 1607 sorum.
465 1573 585 1607 Datum
616 1578 648 1607 et.
677 1578 785 1607 actum
817 1574 868 1607 die
899 1578 928 1607 et
960 1574 1033 1608 loco
1063 1574 1234 1620 predictis.

619 1688 709 1722 (Orig.
734 1689 818 1722 Pei-g.
845 1688 895 1713 mit
921 1689 936 1713 ‘2
964 1688 1049 1722 hang,
1077 1689 1133 1722 Siga
1160 1688 1196 1713 im
1223 1688 1309 1714 iniilir.
1343 1687 1612 1713 Laudes-Archive.
1637 1702 1678 1706 —
1704 1688 1765 1713 Auf
1786 1688 1836 1713 der
1861 1687 2005 1714 Plicatur:
2030 1688 2085 1713 Per
2109 1687 2183 1713 dom.

515 1740 677 1765 ‚Iohannem
710 1741 907 1765 Lubuceusem
943 1740 1108 1774 episcopum
1145 1741 1316 1765 Wlaehnim·
1349 1741 1383 1765 de
1416 1740 1639 1774 VVeytemnule..
1672 1755 1712 1758 w<
1754 1740 1786 1765 In
1812 1740 1913 1766 dorso:
1948 1740 1982 1766 R.
2016 1740 2117 1766 Petrus
2150 1739 2185 1765 de

517 1792 673 1818 Wisctww,
699 1808 739 1810 —
765 1793 953 1824 Abgedruekt
977 1793 1020 1817 twi
1050 1793 1159 1820 l'elzel:
1187 1793 1221 1818 ΚΔ
1250 1793 1370 1818 Ἁόιικρ1
1395 1793 1432 1819 H,
1458 1792 1568 1818 Urkdb.
1596 1801 1622 1825 p.
1650 1791 1690 1825 9.)

1187 1947 1296 1985 299.

313 2024 426 2067 li'ouiy
470 2022 612 2057 l'Veuz-el
648 2024 666 2057 l
675 2024 707 2057 V.
738 2025 810 2068 qim
841 2029 939 2059 ‘trater
968 2025 1227 2070 Zeayeuschaft
1257 2027 1316 2060 cles
1346 2026 1388 2059 Is.
1421 2025 1587 2069 Se'ymnnd
1616 2026 1687 2058 dem
1721 2025 1835 2058 Boi-es*
1865 2036 1927 2058 eon
1959 2024 2182 2069 Riesenburq

618 2126 622 2129 Ὗ
658 2098 687 2118 a.
726 2099 752 2119 x.
784 2097 823 2119 w.
855 2086 1010 2120 sichel-ex
1042 2086 1184 2121 Geleite.
1220 2087 1276 2121 Dt.
1310 2087 1401 2130 Praq
1431 2086 1490 2120 25.
1523 2085 1684 2119 Felmmr
1716 2085 1826 2120 1396.

439 2161 719 2217 ‘xvencestaus
749 2183 800 2217 dei
831 2186 946 2227 gracia
978 2183 1206 2218 Romanorum
1238 2195 1301 2217 rex
1329 2194 1463 2229 semper
1493 2184 1668 2227 Augustus
1708 2187 1739 2216 et
1770 2183 1909 2216 Boemie
1938 2193 2001 2215 rex
2040 2186 2180 2216 notum-

307 2242 448 2276 l'aciinus
487 2247 605 2277 tenore
642 2248 853 2289 presencium
894 2248 1074 2282 universis,
1111 2246 1196 2290 quod
1237 2248 1347 2278 animo
1386 2244 1570 2277 deliberato
1609 2248 1641 2276 et
1678 2244 1719 2277 de
1757 2248 1848 2277 certa
1887 2247 2000 2277 nostra
2035 2245 2181 2278 sciencia

307 2302 473 2337 nobilibus
496 2303 683 2338 Borsclioni
705 2310 737 2339 et
758 2305 944 2339 Boi-seboin
967 2306 1124 2340 fratribus
1154 2307 1194 2340 de
1216 2305 1443 2351 Rysemburg.
1474 2304 1644 2338 Boliuslao
1674 2304 1714 2337 (le
1745 2303 1961 2348 vaamberg7
1989 2303 2128 2337 Pothoni
2150 2307 2180 2336 et

309 2364 447 2397 l'otlioni
465 2365 505 2397 de
523 2365 635 2405 Scalaq
653 2366 797 2400 Julianni
815 2367 856 2400 de
872 2367 1047 2401 Hei-sstein
1063 2379 1103 2400 ac
1120 2367 1273 2401 omnibus
1291 2371 1322 2400 et
1338 2366 1477 2411 singulis
1510 2366 1581 2398 aliis
1598 2364 1791 2402 baronibus
1809 2364 1977 2399 militibuS.
1994 2362 2182 2405 clientibus,

306 2425 502 2460 sanioribus.
533 2426 773 2461 adherentibus
803 2432 833 2460 et
866 2428 1082 2462 familiaribus
1112 2431 1271 2473 ipsorum„
1303 2438 1386 2472 quos
1416 2437 1528 2460 secum
1561 2426 1599 2459 ad
1633 2430 1746 2459 nostre
1767 2428 1949 2459 maiestatis
1971 2426 2182 2471 presenciam

307 2486 477 2520 (incendes
507 2488 733 2522 decreverint.
765 2491 979 2522 securitatem
1013 2492 1116 2522 nostri
1139 2489 1222 2523 salvi
1244 2487 1429 2521 conductus
1455 2487 1605 2520 dedimus
1627 2491 1658 2520 et
1681 2486 1893 2528 donavimus,
1924 2486 2040 2519 damus
2061 2487 2185 2519 virtute

306 2550 516 2591 presencium
538 2551 739 2584 eenerosius
760 2553 791 2582 et
821 2549 983 2583 donamus
1006 2562 1065 2595 pro
1097 2549 1302 2592 tractatibus,
1334 2552 1419 2581 inter
1451 2559 1510 2580 nos
1542 2547 1662 2580 dudum
1693 2550 1866 2593 conceptis
1888 2546 2031 2580 finaliter
2052 2556 2182 2579 consu-

307 2607 461 2640 manduin
492 2608 589 2652 (sie).
621 2610 659 2642 ad
682 2621 741 2643 nos
765 2611 933 2645 veniendi.
966 2611 1139 2644 nobiscum
1169 2610 1275 2644 standi
1306 2613 1338 2642 et
1365 2621 1381 2641 a
1406 2608 1500 2641 nobis
1522 2609 1560 2641 ad
1585 2611 1716 2653 propria
1740 2607 1904 2641 domicilia
1927 2606 2031 2640 libere
2053 2617 2181 2640 rever—

306 2669 406 2712 tendi.
428 2680 488 2714 pro
511 2670 604 2703 1101115
627 2675 655 2703 et
678 2670 832 2704 onmibus
855 2671 927 2708 iniis.
950 2674 1004 2716 qui
1026 2683 1125 2705 causa
1149 2673 1253 2704 nostri
1277 2670 1400 2703 l’aciunt
1421 2673 1450 2702 et
1484 2669 1659 2701 dimittunt.
1690 2668 1765 2701 dolo
1787 2672 1815 2701 et
1840 2667 1956 2701 l'raude
1978 2665 2180 2712 quibuslibet

2289 0 2313 51 ³14.
