2313 3090
1243 178 1289 210 70

330 286 581 329 interrupcione
609 284 663 317 vel
694 295 766 317 cum
802 286 1048 328 iuterrupeione
1088 286 1214 326 septem
1255 280 1423 314 mensibus
1453 284 1607 315 continue
1646 280 1707 315 sibi
1744 280 1999 316 succedentibus
2034 282 2195 326 residere,

332 344 449 389 quibus
493 345 633 390 expletis
676 356 711 378 se
754 355 813 389 per
851 343 1025 388 capitulum
1073 342 1235 375 declarari
1272 341 1371 375 faciat
1408 342 1635 384 residentem3
1673 353 1733 388 pro
1772 342 1916 388 quolibet
1954 354 2038 377 vero
2082 354 2196 377 mense

333 407 464 449 triginta
513 405 582 438 dies
630 405 782 438 volumus
831 405 1025 448 ccnnputari.
1091 401 1201 435 Potest
1251 407 1360 435 autem
1404 398 1597 444 canonicus
1645 413 1741 447 quem
1789 403 1965 448 capitulum
2012 403 2195 438 declaravit

332 476 408 499 esse
454 465 667 498 residentem.
725 476 783 510 per
839 464 1004 497 dimidium
1053 474 1172 496 annun]
1231 462 1369 495 excluso
1421 462 1472 495 die
1519 462 1760 496 declaracionis
1807 463 1993 497 huiusmodi
2041 467 2195 497 continue

332 526 573 559 numerandum
616 537 652 559 se
695 525 883 558 absentare.
928 527 981 568 qui
1020 527 1046 557 si
1083 528 1113 557 et
1152 523 1302 557 similiter
1340 526 1527 568 quicunque
1567 523 1649 556 alius
1699 526 1935 557 canonicorum
1973 524 2193 558 residenciam

333 589 526 631 acquisitam
549 591 579 619 et
595 597 655 631 per
684 585 883 629 acquirenda
915 585 1023 617 denuo
1052 585 1197 618 resideat
1227 587 1311 617 sicut
1338 587 1441 629 prius.
1471 587 1532 617 nisi
1554 584 1626 617 talis
1643 587 1824 617 canonicus
1845 587 1876 617 in
1896 584 2003 618 studio
2024 584 2194 629 theologie

328 648 413 689 juris
444 649 594 679 canonici
624 646 678 678 vel
708 645 813 678 civilis
844 648 874 677 in
904 645 978 677 loco
1009 644 1221 689 privilegiato
1252 644 1348 678 fuerit
1379 647 1576 678 constitutus
1606 649 1638 678 et
1667 645 1826 678 dictarum
1858 644 2048 678 facultatum
2077 645 2192 686 studiis

334 707 490 740 inheserit
522 717 594 739 cum
626 706 755 739 effectu.
787 708 860 749 quia
891 704 954 737 hoe
984 716 1063 738 casu
1093 708 1287 750 acquisitam
1317 705 1538 739 residenciam
1569 716 1634 738 non
1664 707 1825 738 ammittit.
1863 704 2043 738 Statuimus
2064 716 2195 750 quoque

333 770 363 800 in
399 770 476 811 ipsis
514 766 717 799 obedienciis
754 766 852 798 talem
889 765 1164 799 consuetudinem
1202 766 1274 799 fore
1312 766 1526 799 servandam.
1570 766 1656 810 quod
1695 769 1721 799 si
1758 765 2023 799 obedienciarius
2061 769 2093 799 iu
2136 777 2194 800 sua

334 827 526 859 obediencia
557 826 683 870 aliquos
714 836 815 869 agros
845 837 905 871 per
934 829 1040 871 ipsum
1071 826 1230 860 colendos
1260 826 1313 860 vel
1344 830 1448 859 eciam
1480 826 1587 871 aliqua
1614 831 1708 872 prata
1730 826 1882 860 habuerit
1903 831 1934 860 et
1955 831 2031 860 ante
2051 837 2194 861 messem

334 887 528 919 decesserit.
560 886 685 919 fructus
715 897 873 931 agrorum
904 892 933 920 et
965 887 1077 920 fenum
1109 890 1298 921 successori
1328 887 1472 921 totaliter
1500 886 1741 928 renianebu=1t3
1779 890 1806 921 si
1835 897 1919 921 vero
1948 891 2022 933 post
2050 897 2195 921 messem

336 947 520 980 huiusmodi
560 946 720 980 fructibus
757 951 787 980 et
826 947 903 980 feno
942 947 1091 981 collectis
1126 948 1256 981 obierit.
1303 959 1481 982 successor
1517 948 1744 982 tontummodo
1773 950 1931 981 stramina
1962 952 1993 981 et
2022 947 2134 981 fenum
2164 951 2195 981 et

334 1007 464 1052 pabula.
496 1019 558 1052 que
589 1010 732 1040 triturari
763 1018 830 1041 non
860 1007 979 1041 debent
1010 1013 1065 1041 aut.
1094 1008 1211 1042 solent.
1243 1008 1387 1043 habebit.
1419 1009 1476 1042 sed
1507 1009 1547 1042 de
1573 1008 1733 1042 fructibus
1764 1008 1909 1042 defuncti
1939 1019 1998 1054 pro
2019 1011 2110 1053 agris
2129 1013 2194 1042 tam

334 1068 484 1100 hiemalia
516 1079 610 1112 quam
642 1068 792 1102 estivalia
824 1072 951 1102 semina
981 1068 1103 1102 debent
1132 1072 1323 1104 ministrari.
1362 1073 1394 1103 in
1431 1069 1548 1115 quibus
1583 1070 1740 1104 defuncto
1770 1072 1803 1104 in
1831 1069 1940 1103 sutura
1971 1080 2081 1104 messe
2109 1069 2195 1102 nulla

332 1131 447 1174 porcio
477 1128 725 1162 reservabitur:
756 1132 782 1163 si
812 1134 921 1163 autem
943 1129 1027 1163 infra
1050 1141 1193 1163 messem
1215 1134 1290 1163 ante
1311 1130 1548 1164 collecciouem
1572 1130 1737 1164 fructuum
1759 1135 1906 1164 mortuus
1927 1130 2025 1163 fuerit
2045 1132 2196 1164 restituto

334 1192 459 1233 precio.
490 1189 575 1234 quod
606 1192 636 1222 ln
668 1190 873 1223 colleccione
904 1189 1066 1224 fructuum
1090 1194 1204 1236 ipsoru
1226 1195 1335 1224 inante
1348 1193 1449 1236 ipsius
1470 1190 1708 1224 obedienciarii
1730 1191 1853 1225 obitum
1878 1194 2061 1236 impensum
2085 1190 2195 1234 fuerit.

333 1260 511 1283 successor
540 1261 656 1283 omnes
687 1250 813 1283 fructus
843 1261 903 1295 pro
932 1254 999 1284 suis
1029 1250 1141 1285 usibus
1160 1251 1325 1285 retinebit.
1356 1251 1535 1285 Praeterea
1558 1252 1710 1285 volentes
1733 1255 1838 1285 eciam
1864 1255 2008 1297 ipsarum
2031 1251 2198 1285 obedien-

334 1313 457 1343 ciarum
489 1309 628 1344 edificia.
659 1313 685 1343 si
716 1313 787 1355 quis
818 1311 972 1356 deperire
1001 1314 1202 1356 permiserit.
1232 1316 1264 1345 ut
1295 1311 1482 1346 huiusmodi
1511 1312 1742 1346 obedienciam
1772 1323 1832 1358 per
1848 1315 1966 1346 iniusta
1986 1314 2196 1357 gravamina,

333 1371 372 1404 de
403 1371 519 1415 quibus
545 1371 627 1405 alius
653 1374 807 1416 inquirat.
839 1375 1086 1407 extenuaverit.
1117 1372 1250 1418 optandi
1275 1377 1439 1418 potestate
1456 1377 1519 1406 tam
1537 1373 1590 1407 diu
1608 1378 1733 1417 careat,
1763 1384 1936 1419 quousque
1952 1377 2196 1419 competentem

334 1432 607 1465 emendacionem
638 1432 724 1466 feret
753 1433 794 1466 de
824 1433 962 1467 eisdem.

648 1554 781 1591 (Inserirt
813 1556 841 1580 in
873 1556 922 1581 der
954 1557 1295 1591 Restatigungsurkuntle
1327 1557 1376 1582 (les
1409 1557 1560 1583 Bischofes
1592 1557 1732 1583 Nikolaus
1765 1557 1830 1582 ddo.
1864 1557 1912 1582 24.
1937 1556 1995 1582 Mai
2035 1557 2124 1582 1392.
2157 1571 2199 1574 —

544 1607 602 1634 vid,
629 1617 654 1632 n.
682 1607 744 1641 85.)

1231 1756 1305 1790 85.

339 1829 477 1863 Domild
514 1830 580 1863 Ab!
619 1831 678 1864 des
715 1830 1032 1865 Sclmllenlz·loslers
1069 1833 1102 1866 in
1148 1831 1246 1867 IVien
1283 1833 1415 1866 erlsltirt
1458 1834 1498 1866 e'm
1530 1833 1703 1877 Aulis-aye
1733 1832 1792 1865 des
1833 1831 1987 1876 Papstes,
2026 1832 2107 1865 dass
2135 1831 2198 1864 das

336 1890 622 1928 ->lr‹·lci(liac01ml,
662 1892 717 1924 dte
743 1891 938 1925 Scolastrie
977 1894 1045 1926 um!
1076 1893 1240 1927 Fustodie
1280 1894 1340 1927 der
1373 1894 1547 1927 Olnmtzer
1586 1893 1716 1926 Kirche
1757 1894 1864 1926 soem'e
1892 1893 1946 1926 die
1976 1891 2136 1926 Probstei
2162 1893 2195 1925 1¹12

443 1951 617 1985 lsrenzsae'er
659 1964 723 1985 nur
761 1954 867 1985 ee'nem
905 1953 1082 1997 Me'tqliede
1122 1954 1177 1988 (le-s·
1211 1954 1383 1988 (Hmiitz-er
1415 1954 1569 2000 Capitels
1599 1954 1773 1988 oerlz'elten
1807 1954 1942 1988 werden
1970 1952 2092 1988 lionae.

999 2013 1055 2047 Dt.
1095 2013 1192 2048 l‘l'e'en
1223 2015 1282 2048 21.
1315 2015 1391 2048 Mai
1420 2015 1530 2049 1392.

493 2088 690 2143 Donamus.
723 2113 942 2155 permissione
980 2112 1090 2144 divina
1130 2111 1232 2145 abbas
1271 2115 1462 2146 monasterii
1501 2112 1599 2145 beate
1631 2111 1737 2146 Marie
1771 2113 1911 2156 virginis
1947 2110 2126 2145 Scotorum
2165 2113 2196 2144 in

338 2168 493 2213 Wyenna
533 2170 656 2203 ordinis
693 2174 796 2204 sancti
827 2170 998 2205 Benedicti
1029 2171 1238 2208 Pataviensis
1274 2173 1430 2214 diocesis.
1451 2177 1615 2206 executor
1643 2173 1682 2206 ad
1713 2171 1922 2217 infrascripta
1953 2182 1970 2204 a
2000 2171 2080 2205 sede
2110 2181 2198 2217 apo—

336 2228 449 2261 stoliea
490 2231 680 2274 specialiter
717 2232 890 2277 deputatus
927 2235 956 2266 in
995 2232 1272 2278 subsequencium
1312 2238 1506 2279 perpetuam
1545 2236 1739 2267 memoriam
1779 2237 1811 2265 et
1852 2231 2049 2265 firmitatem.
2108 2230 2198 2266 Ordo

337 2288 444 2322 debite
475 2289 679 2324 liberalitatis
708 2292 932 2327 confunditur.
963 2296 988 2326 si
1020 2293 1115 2337 largo
1147 2294 1280 2327 domino
1310 2294 1469 2328 succedat
1497 2305 1617 2340 parcus
1647 2294 1869 2338 dispensator,
1899 2295 1964 2326 imo
1985 2291 2197 2338 hylaritatem

336 2350 504 2383 confundit
535 2351 728 2395 largitorum
762 2355 922 2387 minister.
954 2357 1007 2398 qui
1038 2355 1149 2387 tardus
1179 2354 1233 2388 vel
1263 2366 1384 2400 parcus
1405 2358 1436 2388 in
1457 2357 1665 2388 execucione
1686 2354 1856 2387 contendit
1875 2353 2076 2387 claudicare.
2107 2352 2197 2386 Sane

338 2421 441 2454 nuper
478 2411 557 2443 duas
596 2413 707 2446 literas
744 2413 955 2458 apostolicas.
995 2425 1091 2448 unam
1129 2415 1286 2449 videlicet
1321 2421 1436 2449 sancte
1473 2417 1633 2449 memorie
1671 2415 1793 2448 domini
1822 2414 1946 2448 Urbani
1984 2424 2070 2459 pape
2099 2415 2197 2457 sexti,

337 2470 431 2502 aliam
463 2482 545 2503 vero
576 2475 773 2506 sanctissimi
805 2477 834 2506 in
866 2474 998 2508 Clu-isto
1028 2479 1130 2521 patris
1160 2480 1192 2509 et
1222 2476 1343 2510 domini
1373 2479 1477 2510 nostri
1506 2476 1627 2509 domini
1657 2474 1818 2508 Bonifacii
1845 2485 1929 2520 pape
1948 2476 2026 2508 noni
2047 2473 2198 2507 moderni

339 2532 428 2562 veris
458 2530 552 2563 bullis
582 2532 745 2577 plumbeis
776 2537 805 2567 in
837 2534 896 2567 tilis
926 2539 1083 2581 eanapeis
1109 2536 1328 2582 pendentibus
1359 2548 1452 2571 more
1482 2547 1620 2570 romane
1650 2538 1741 2569 curie
1772 2535 1923 2578 bullatas,
1952 2545 2018 2568 non
2046 2536 2198 2576 viciatas.

338 2600 401 2622 non
439 2591 637 2625 cancellatas
676 2604 736 2625 nee
773 2597 803 2627 in
842 2595 948 2640 aliqua
987 2599 1034 2629 sui
1075 2601 1168 2642 parte
1198 2602 1383 2643 suspectas‚
1422 2597 1479 2631 sed
1515 2600 1603 2630 omni
1633 2607 1770 2642 prorsus
1799 2598 1888 2629 vicio
1918 2599 1950 2629 et
1978 2596 2198 2640 suspeccionc

337 2654 502 2683 carentes.
533 2663 595 2684 una
626 2664 698 2685 eum
729 2654 924 2698 quibusdam
955 2660 1082 2690 statutis
1112 2662 1143 2691 et
1172 2658 1358 2703 privilegiis
1388 2658 1531 2691 ecclesie
1563 2657 1796 2691 olomucensis
1825 2667 1885 2702 pro
1924 2659 2017 2702 parte
2047 2665 2198 2689 venera—
