2313 3090
981 187 1029 221 27

70 302 218 334 racione·
236 297 373 331 suborte
403 296 547 329 totaliter
575 298 640 328 sint
668 297 786 340 sopite.
818 293 899 327 ltem
931 292 1017 338 qnod
1038 303 1098 337 per
1119 295 1221 324 totum
1244 290 1398 323 ducatum
1420 300 1514 322 suum
1537 292 1569 322 et
1589 287 1768 321 dominium
1790 286 1943 320 omnibus

72 359 270 395 officialibus
300 360 368 392 suis
398 361 429 391 et
459 356 597 390 subditis
626 358 800 401 precipiat.
830 359 863 387 111
893 353 1046 387 homines
1077 351 1211 398 capituli
1242 350 1476 385 Olomucensis
1497 349 1536 382 ad
1559 348 1631 382 fora
1653 351 1836 382 civitatum.
1867 351 1945 393 opi-

72 421 187 455 dorum
227 424 259 453 et
288 428 563 464 quorumcunque
602 416 742 449 aliorum
783 415 932 448 locorum
972 416 1165 460 permittant.
1202 414 1322 446 venire
1360 415 1393 444 et
1430 421 1545 444 eorum
1584 413 1727 454 negocia
1769 409 1949 443 liberaliter

73 491 238 515 exercere
278 483 309 512 et
347 481 439 524 ipsos
478 481 567 511 circa
599 479 675 520 jura
706 481 737 509 et
776 476 946 510 libertates
985 485 1100 509 eorum
1141 476 1231 507 iuxta
1271 476 1437 518 antiquam
1471 471 1746 504 consuetudinem
1776 474 1887 503 teneat
1917 473 1947 503 et

74 545 267 576 conservet.
304 540 384 574 Item
415 539 503 584 quod
532 541 563 572 in
592 538 689 571 bonis
720 536 955 570 Olomueensis
985 535 1119 581 capituli
1150 535 1190 567 de
1220 538 1334 567 cetero
1364 532 1470 566 nullas
1499 535 1668 565 staciones
1699 531 1809 564 faciat.
1840 543 1948 576 neque

73 603 214 648 dampna
246 601 385 634 inferrat
414 611 473 633 seu
495 603 613 632 noceat
645 597 832 631 hominibus
863 602 891 630 et
915 597 1054 631 subditis
1084 595 1218 641 capituli
1247 595 1438 640 supradicti.
1473 593 1555 627 Item
1582 593 1695 626 ultimo
1717 603 1777 637 pro
1799 592 1950 637 dampnis

73 663 211 710 prefatis
247 662 392 695 ecclesie
433 661 668 694 (itomucensis
708 658 896 692 bominibus
935 661 998 691 iam
1037 657 1136 691 illatis
1166 656 1406 690 illustrissimus
1437 658 1591 700 princeps
1621 654 1773 686 domiuus
1802 653 1950 685 Jodocns

75 723 225 758 marchio
263 727 295 757 et
330 723 483 756 domiuus
510 720 675 754 Moravie.
715 725 746 752 ut
787 720 824 752 ad
866 719 1095 764 iuquirendem
1135 718 1176 751 de
1207 716 1324 750 talibus
1353 727 1432 749 suos
1462 716 1525 748 illic
1555 715 1677 759 dirigat
1707 713 1835 758 sibique
1865 724 1950 758 pro—

74 788 221 827 nunciet,
252 787 429 817 terminum
461 793 521 828 pro
550 794 610 815 sue
640 781 820 815 voluntatis
849 780 1058 825 beneplacito
1089 781 1292 813 reservavit.
1325 777 1538 811 Presencium
1561 775 1621 809 sub
1642 778 1764 809 nostris
1794 777 1951 820 appensis

76 845 193 891 sigillis
223 847 413 878 testimonio
443 844 626 877 literarum.
658 841 777 875 Datum
797 841 981 874 (tlomunez
1012 852 1098 874 anno
1130 840 1252 873 domini
1275 839 1449 872 millesimo
1471 839 1708 870 trecentesimo
1731 838 1951 880 nonagesimo

77 909 197 953 primo,
227 904 311 939 feria
340 909 436 939 sexta
467 907 620 950 proxima
650 907 724 948 post
754 902 840 935 diem
871 905 976 935 saneti
1008 901 1172 946 Procopii.

394 1018 484 1053 (Orig.
509 1018 593 1051 Perg,
620 1017 636 1042 Ξ
663 1017 690 1044 h.
716 1016 774 1047 Sip-s,
801 1017 835 1041 1111
863 1016 936 1043 (11111,
963 1015 1034 1048 01111,
1061 1015 1209 1040 Arc-hivi»
1229 1044 1238 1052 κ

980 1170 1057 1205 23⁴.

86 1251 276 1296 JIarlsyraf
308 1250 421 1284 Jodoh·
467 1250 593 1294 befree'l
641 1250 695 1283 die
733 1248 835 1281 stadt
878 1248 1080 1291 Sehonbergs
1136 1258 1207 1279 rom
1259 1245 1444 1290 Heimfalle
1488 1246 1555 1277 aud
1601 1244 1738 1277 erlleeill
1781 1244 1835 1276 iln·
1889 1245 1952 1277 das

605 1309 842 1343 Meilenreeht.
886 1309 940 1342 m.
977 1308 1109 1341 Olme'llz-
1137 1308 1171 1340 9.
1204 1306 1278 1340 ,Iuli
1309 1305 1417 1340 1391.

241 1388 329 1442 Ros
358 1407 506 1441 Jodoeus
536 1407 588 1441 dei
618 1410 725 1452 gratia
757 1407 905 1440 marcbio
937 1411 965 1439 et
997 1401 1365 1451 domiuusLMoraviae.
1410 1402 1673 1436 Notuml'aeimus
1704 1407 1821 1436 tenore
1850 1414 1956 1448 prae-

84 1472 226 1503 sentium
263 1471 442 1502 universis.
481 1468 567 1514 quod
607 1479 651 1502 ex
689 1469 843 1513 specialis
881 1469 986 1500 nostri
1017 1466 1144 1499 favoris
1174 1464 1320 1498 lumitate
1364 1469 1392 1497 et
1424 1467 1530 1501 qratia
1562 1467 1735 1509 cupientes
1765 1468 1955 1497 nostrorum

84 1529 229 1564 fidelium
259 1529 463 1563 subditorum
495 1530 651 1563 videlicet
681 1531 825 1562 civitatis·
848 1526 1071 1563 Selioinberln
1102 1525 1344 1560 Franckenstat
1369 1529 1398 1557 et
1422 1525 1590 1570 Antiquae
1613 1524 1736 1558 Goldes
1757 1529 1789 1557 et¹
1810 1527 1955 1557 omnium

84 1591 239 1625 villarum
268 1590 308 1624 ad
329 1593 499 1624 civitatem
520 1595 551 1624 et
573 1590 691 1636 oppida
714 1590 883 1636 praedicta
906 1589 945 1621 ab
973 1591 1107 1633 antiquo
1129 1589 1347 1632 spectantium
1371 1589 1492 1619 civium
1516 1590 1547 1619 et
1568 1586 1751 1619 incolarum
1774 1585 1956 1618 eorumlem

86 1663 126 1686 ac
161 1650 329 1685 VVickerii
366 1655 395 1685 in
427 1651 649 1685 Ulricbsdorf.
689 1650 884 1684 U'enceslai
917 1653 945 1683 111
977 1647 1246 1694 Reypotendorf.
1287 1647 1373 1680 Petri
1405 1650 1434 1680 111
1465 1646 1671 1688 Petersdorl',
1706 1645 1850 1679 Nicktini
1881 1646 1957 1679 dicti

86 1713 226 1747 Betenel
264 1716 295 1746 in
330 1712 586 1758 &Veykersdorf
618 1717 649 1746 et
687 1712 869 1745 Hanusrbii
901 1715 931 1744 in
963 1708 1281 1743 Bradruscbendorf
1311 1708 1462 1741 villarum
1493 1713 1684 1741 nostrarum
1714 1707 1752 1740 ad
1784 1707 1953 1752 praedicta

84 1773 170 1807 bona
201 1776 435 1819 pertinentium
462 1773 624 1817 judicum.
657 1772 838 1806 haeredum
870 1777 898 1805 et
931 1781 1166 1805 successorum
1207 1780 1322 1802 eorum
1364 1768 1534 1814 profectus
1573 1773 1602 1801 et
1635 1768 1810 1801 emnmoda
1842 1771 1958 1801 incre—

85 1838 197 1868 mento
239 1844 402 1880 prospero
447 1834 589 1867 feliciter
631 1833 802 1879 ampliare⁷
847 1835 936 1878 ipsis.
969 1829 1169 1865 haeredibus
1213 1835 1243 1863 et
1287 1829 1541 1863 successoribus
1572 1840 1688 1862 eorum
1729 1829 1769 1862 de
1806 1827 1957 1861 munifica

86 1894 283 1929 liberalitate
312 1899 426 1928 nostra
459 1899 491 1928 ct
519 1897 626 1939 gratia
657 1894 819 1928 dedimus.
851 1896 1092 1927 concessimus.
1123 1892 1322 1924 donavimus
1361 1895 1391 1924 et
1432 1894 1555 1924 virtute
1593 1892 1818 1936 praesentium
1849 1892 1958 1922 animo

88 1954 271 1989 deliberato
301 1967 341 1989 ac
378 1955 418 1989 de
457 1960 548 1989 certa
587 1959 699 1989 nostra
739 1958 876 1988 scientia
921 1958 951 1987 111
995 1957 1191 1999 perpetuum
1235 1952 1363 1989 damusq
1408 1951 1623 1984 concedimus
1654 1955 1686 1983 et
1716 1950 1888 1984 donamus.
1928 1953 1959 1982 111

89 2019 353 2061 quotiescunque
380 2016 523 2061 aliquem
555 2016 737 2049 eorundem
759 2018 894 2049 civium.
926 2015 1108 2048 incolarum
1137 2025 1195 2047 seu
1227 2014 1425 2047 vittanswuin
1461 2017 1490 2045 et
1526 2012 1772 2058 praedictorum
1799 2011 1960 2054 judii-um.

89 2075 272 2110 haeredum
293 2081 325 2110 et
346 2088 580 2110 successorum
603 2088 717 2110 corum
741 2076 866 2121 absque
892 2076 1003 2109 liberis
1027 2075 1183 2119 legitimis
1205 2074 1245 2107 ab
1267 2074 1329 2107 liae
1359 2074 1432 2106 luce
1463 2076 1609 2110 nimi-are
1631 2084 1689 2105 seu
1712 2075 1793 2104 mori
1825 2073 1961 2103 eontin-

90 2141 198 2181 geret,
229 2140 350 2171 totiens
380 2138 464 2171 bona
496 2149 610 2170 eorum
644 2137 775 2171 mobilia
806 2142 836 2170 et
867 2136 1058 2170 immobilia.
1090 2135 1342 2180 quiluiscunque
1372 2133 1572 2180 specialibus
1607 2133 1814 2178 appellentur
1848 2134 1961 2164 11111111-

91 2196 186 2230 nibus
215 2208 274 2231 seu
303 2201 335 2231 iu
365 2197 616 2244 quibuscunque
652 2198 752 2232 rebus
781 2201 1016 2231 consisterent.
1056 2208 1120 2229 non
1151 2196 1189 2229 ad
1230 2207 1291 2229 nos
1329 2195 1386 2228 sed
1423 2195 1462 2227 ad
1503 2196 1743 2239 proximiorem
1783 2203 1840 2225 seu
1878 2203 1962 2237 pro-

93 2260 300 2302 pinquiorem
318 2262 458 2292 amicum
491 2262 637 2304 ipsorum
667 2264 699 2292 et
728 2262 1013 2303 consanquinenm
1044 2257 1170 2302 absque
1201 2256 1391 2289 dillieultate
1422 2254 1567 2300 qualibet
1588 2253 1822 2287 devolvantur.
1855 2251 1960 2285 Etiam

93 2318 134 2350 de
162 2318 298 2362 speciali
329 2323 442 2351 nostra
471 2322 578 2363 gratia
610 2320 739 2353 civibus
771 2324 798 2353 et
831 2319 947 2352 ineolis
978 2319 1018 2351 de
1049 2317 1261 2351 Sebomberb
1292 2315 1525 2362 praesentibus
1547 2320 1575 2347 111
1600 2315 1728 2348 l'uturis.
1761 2313 1963 2347 haeredibus

94 2383 126 2411 et
154 2377 407 2412 successoribus
437 2390 553 2412 eorum
585 2383 693 2413 omnia
720 2382 796 2423 jura
827 2385 859 2413 et
887 2379 1029 2423 singula.
1061 2383 1155 2424 prout
1187 2381 1311 2411 civitati
1334 2382 1468 2410 nostrae
1491 2376 1664 2409 Olomuez.
1687 2374 1816 2407 civibus
1846 2379 1875 2407 et
1908 2376 1963 2407 iu-

95 2437 336 2472 habitatoribus
366 2441 438 2483 ejus
468 2440 544 2474 olim
575 2452 635 2474 nos
666 2441 798 2474 dedisse
829 2443 1051 2474 meminimus.
1073 2440 1189 2473 damus
1211 2444 1241 2472 et
1263 2438 1478 2471 concedimus
1501 2449 1538 2469 111·
1561 2448 1619 2469 eos
1642 2439 1730 2469 eirea
1747 2437 1823 2479 jura
1846 2435 1964 2468 cadem

94 2499 336 2544 benignissime
365 2511 620 2534 conservamus,
663 2501 701 2535 Et
733 2502 885 2535 volumus
924 2500 1093 2547 specifice.
1133 2505 1165 2533 ut
1205 2500 1290 2533 nulla
1331 2499 1467 2532 artilieia
1508 2497 1701 2530 mechanica
1744 2499 1773 2529 in
1813 2495 1965 2529 distantia

96 2563 192 2594 unius
222 2561 371 2594 milliaris
400 2572 417 2593 a
435 2564 570 2594 civitate
596 2562 772 2605 jamdicta
794 2574 853 2608 per
875 2562 969 2595 villas
1000 2564 1189 2595 instaurari.
1222 2563 1377 2593 exerceri
1408 2571 1466 2592 seu
1497 2560 1630 2603 operari
1661 2556 1815 2592 debeant.
1837 2556 1894 2589 sed
1927 2556 1965 2588 ad

96 2624 266 2655 civitatem
298 2620 511 2654 Scbomberk
540 2632 599 2667 pro
630 2621 747 2655 talibus
776 2625 924 2656 veniant.
956 2634 1018 2655 nec
1047 2625 1248 2655 cerevisiam
1280 2624 1309 2654 iu
1341 2623 1446 2665 spatio
1477 2622 1572 2652 unius
1608 2618 1754 2651 milliaris
1784 2628 1801 2649 a
1831 2619 1966 2650 civitate

97 2682 268 2728 praedicta
298 2681 443 2715 braxare
473 2680 651 2715 debebunt.
682 2693 801 2727 panem
822 2677 955 2728 *pislare
993 2694 1052 2716 seu
1092 2682 1220 2716 fabrilia
1251 2693 1429 2715 exercere.
1459 2691 1519 2726 pro
1550 2679 1667 2724 quibus
1706 2677 1859 2711 omnibus
1898 2688 1965 2709 vo-
