2313 3090
1050 182 1123 216 493

156 286 242 320 idem
274 285 427 320 [rhamis
458 297 542 331 papa
574 291 689 319 sextus
719 298 778 332 per
808 297 885 320 suas
914 287 1040 320 litteras
1070 285 1125 319 tibi
1155 286 1198 320 tili
1227 285 1330 319 abbas
1359 289 1522 320 commisit
1553 290 1583 319 et
1610 285 1789 320 mandavit.
1812 290 1841 318 ut
1864 289 2018 318 statutum

157 352 189 380 et
217 347 467 381 ordinacionem
499 348 658 392 predicta.
699 348 804 392 quoad
841 347 1026 382 huiusmodi
1056 358 1218 393 personas
1248 348 1495 381 ecclesiasticas
1525 350 1668 380 civitatis
1697 351 1727 379 et
1760 346 1903 379 diocesis
1933 345 2020 378 Olo-

157 410 324 442 mucensis
363 407 587 453 predictarum
624 408 794 444 duntaxat.
826 412 1022 443 auctoritate
1052 409 1234 454 apostolica
1265 407 1494 441 confirmares.
1543 406 1692 451 Cumque
1722 406 1929 452 postmodum
1961 416 2020 450 pro

155 473 250 514 parte
287 468 448 501 dictorum
488 468 607 501 decani
646 474 674 501 et
715 470 848 514 capituli
887 469 982 503 nobis
1019 469 1242 510 significatum
1282 468 1379 502 foret.
1410 469 1494 513 quod
1527 473 1557 501 tu
1588 467 1690 501 abbas
1720 466 1848 512 prefate
1878 478 1937 512 pro
1968 477 2020 499 eo.

158 529 244 575 quod
283 534 460 573 antequam
502 529 588 562 dicte
625 529 733 563 littere
769 533 847 575 ipsis
877 531 1004 564 decano
1034 535 1064 563 et
1095 530 1237 576 capitulo
1267 540 1430 562 concesse
1459 528 1515 561 tibi
1544 539 1603 573 per
1633 528 1768 561 eosdem
1799 527 1960 560 decanum
1991 531 2023 559 et

158 589 337 635 capitulum
372 594 566 635 presentate
605 589 726 624 forent.
751 591 836 624 idem
875 590 1031 625 Urbanus
1068 602 1151 637 papa
1190 595 1306 624 sextus
1341 589 1575 635 predecessor.
1612 592 1694 621 sicut
1726 588 1859 622 domino
1888 588 2021 634 placuit.

158 650 199 684 ab
237 649 300 684 hac
336 650 409 683 luce
446 653 636 694 migrasset.
667 651 836 685 dubitares
866 651 906 685 ad
936 655 1178 685 execucionem
1208 651 1433 697 predictarum
1462 649 1645 683 litterarum
1675 649 1731 682 tihi
1761 650 1961 682 directarum
1991 653 2022 681 te

156 711 344 758 procedere
372 721 484 756 posse,
516 721 578 744 nos
608 710 663 744 tibi
692 723 752 756 per
781 713 942 756 quasdam
972 717 1104 746 nostras
1133 713 1260 746 litteras
1289 710 1530 744 mandavimus.
1562 715 1593 743 ut
1624 710 1758 743 easdem
1790 710 1915 742 litteras
1945 709 2020 742 dicti

159 771 285 807 Urbani
323 774 411 806 sexti
447 782 545 817 pape.
584 772 722 816 perinde
752 775 873 817 exequi
903 773 1066 806 studeres.
1097 784 1135 806 ac
1165 776 1193 806 si
1223 772 1341 805 eodem
1371 770 1508 805 Urbano
1538 782 1621 816 papa
1650 775 1747 803 sexto
1777 770 2022 816 predecessore

156 836 189 867 in
218 833 370 867 humanis
399 836 522 877 agente
551 843 612 877 per
641 832 776 866 eosdem
808 833 970 867 decanum
1000 838 1032 866 et
1061 834 1240 879 capitulum
1271 833 1357 866 dicte
1387 832 1508 866 littere.
1538 834 1616 876 ipsis
1646 842 1822 864 concesse.
1853 830 1907 864 tibi
1937 841 2022 876 pre-

156 898 287 929 sentate
305 893 459 936 fuissent,
480 897 514 926 et
533 893 573 926 ad
603 892 731 926 illarum
762 897 1002 927 execucionein
1033 894 1223 939 procedere
1253 895 1449 938 incepisses,
1480 896 1592 937 prout
1623 895 1653 925 in
1684 891 1835 925 omuibus
1865 892 2023 937 predictis

158 954 264 989 literis
292 954 421 1000 plenius
451 954 652 987 continetur.
683 952 764 987 Cum
795 959 916 997 autem,
947 957 1032 988 sicut
1061 954 1208 988 exhibita
1237 953 1333 988 nobis
1363 964 1469 998 nuper
1498 963 1557 997 pro
1583 957 1676 997 parte
1697 952 1814 985 decani
1836 957 1864 985 et
1888 953 2022 997 capituli

160 1015 386 1062 predictorum
422 1026 461 1048 ac
498 1014 705 1059 singulorum
743 1018 981 1049 canonicorum
1020 1020 1049 1049 et
1087 1026 1307 1062 personarum
1347 1014 1491 1048 ecclesie
1522 1011 1755 1047 Olomucensis
1784 1016 1904 1058 peticio
1934 1024 2022 1046 con-

156 1075 293 1119 tinehat.
335 1086 550 1120 nonunquam
594 1075 743 1108 marchio
785 1075 938 1109 Mor-avie
974 1079 1123 1110 existens
1160 1088 1219 1122 pro
1258 1081 1419 1121 tempore.
1456 1077 1511 1119 qui
1548 1074 1732 1119 temporale
1769 1073 1949 1107 dominium
1988 1077 2019 1107 in

159 1137 277 1171 eadem
307 1139 443 1170 civitate
472 1135 609 1179 obtinet,
640 1140 672 1169 et
700 1139 851 1180 magistri
881 1139 1014 1170 civium.
1045 1138 1147 1170 iudex
1176 1142 1207 1170 et
1237 1138 1332 1170 iurati
1362 1146 1424 1168 nec
1453 1146 1519 1168 non
1549 1133 1675 1168 scabini
1706 1134 1854 1168 eiusdem
1876 1137 2021 1168 civitatis

159 1201 265 1233 eciam
301 1200 486 1232 existentes
524 1207 584 1243 pro
621 1201 783 1242 tempore.
823 1208 905 1230 ausu
942 1201 1121 1231 temerario
1151 1198 1289 1232 eosdem
1319 1196 1482 1230 decanum
1513 1200 1542 1228 et
1573 1194 1749 1240 capitulum
1780 1198 1961 1228 canonicos
1991 1200 2023 1228 et

159 1269 323 1305 personas
365 1258 406 1292 de
447 1257 578 1304 prefata
620 1260 756 1291 civitate
799 1262 831 1291 et.
873 1261 1041 1292 territorio
1079 1271 1118 1292 ac
1157 1259 1307 1293 districtu
1343 1268 1382 1290 ac
1411 1259 1510 1290 terris
1539 1257 1614 1289 dicti
1645 1255 1848 1289 marchionis
1878 1255 2022 1289 baniant.

160 1319 315 1365 relegent
357 1330 417 1353 seu
459 1318 681 1364 proscribant.
725 1330 763 1352 ac
801 1331 888 1353 voce
930 1323 1088 1364 preconia
1125 1323 1199 1353 sive
1234 1330 1294 1364 per
1327 1328 1442 1351 eorum
1473 1317 1598 1350 litteras
1627 1316 1686 1350 sub
1716 1319 1833 1362 capitis
1862 1327 1921 1350 seu
1951 1317 2022 1350 aliis

157 1379 387 1414 formidalibus
425 1382 520 1425 penis
556 1379 725 1422 mandent.
763 1391 804 1412 ne
841 1380 959 1424 aliquis
998 1380 1159 1414 decanum
1200 1390 1260 1425 pro
1290 1384 1440 1423 tempore
1470 1380 1669 1411 existentem
1701 1377 1845 1410 ecclesie
1875 1377 2023 1422 predicte

156 1441 212 1475 vel
241 1440 384 1486 aliquam
413 1451 594 1485 personam
624 1440 665 1474 de
695 1440 882 1474 huiusmodi
913 1440 1058 1486 capitulo
1087 1451 1147 1474 seu
1176 1451 1231 1473 res
1262 1450 1377 1473 eorum
1408 1438 1570 1483 colligere
1599 1438 1655 1471 vel
1686 1443 1861 1483 receptare
1890 1443 1945 1471 aut
1975 1441 2022 1472 eis

159 1502 201 1536 de
229 1500 387 1536 censibus
415 1501 470 1535 vel
499 1501 572 1535 aliis
600 1501 701 1535 rebus
730 1504 809 1547 ipsis
839 1501 958 1535 debitis
988 1502 1195 1548 respondere
1223 1503 1427 1546 presumant.
1458 1510 1520 1532 nec
1550 1510 1614 1532 non
1646 1502 1735 1544 ipsos
1765 1510 1824 1544 pro
1853 1498 1972 1532 banitis
1994 1503 2025 1532 et

158 1565 355 1609 proscriptis
383 1566 416 1596 et
444 1562 604 1607 relegatis
632 1561 777 1596 habeant
808 1565 836 1595 in
867 1563 1049 1596 eorundem
1081 1563 1198 1596 decani
1229 1565 1261 1594 et
1281 1560 1412 1605 capituli
1434 1570 1472 1593 ac
1493 1562 1730 1592 canonicorum
1752 1564 1783 1592 et
1804 1570 2022 1604 personarum

161 1626 341 1658 maximum
362 1623 581 1669 preiudicium
612 1623 790 1668 dampnum
821 1627 851 1656 et
880 1633 1079 1667 gravamen.
1111 1623 1222 1656 divine
1252 1623 1433 1655 maiestatis
1462 1621 1622 1653 oll'cnsam
1653 1624 1682 1653 et
1713 1630 1885 1653 enormem
1917 1620 2023 1653 lesio-

159 1695 236 1719 nem
273 1683 505 1718 ecclesiastice
542 1683 716 1727 libertatis.
748 1688 884 1729 propter
913 1695 976 1728 que
1007 1686 1077 1729 ipso
1107 1683 1196 1717 facto
1227 1681 1376 1716 marchio
1406 1683 1683 1725 magistricivium
1714 1680 1838 1714 iudices
1869 1685 1899 1713 et
1929 1683 2023 1714 iurati

159 1756 198 1778 ac
240 1743 368 1778 scabini
411 1743 564 1789 predicti.
600 1747 871 1789 quociescunque
908 1744 982 1777 talia
1023 1749 1137 1777 contra
1173 1747 1263 1789 ipsos
1299 1742 1460 1776 decanum
1501 1746 1534 1774 et
1562 1741 1753 1786 capitulum.
1783 1744 1963 1774 canonicos
1993 1747 2022 1775 et

160 1816 323 1852 personas
356 1808 579 1839 communiter
607 1805 662 1838 vel
692 1805 823 1838 divisim
854 1809 1052 1850 attemptare
1083 1808 1288 1850 presumunt.
1318 1805 1439 1846 vigore
1469 1802 1617 1847 predicte
1647 1805 1898 1835 constitucionis
1928 1806 2023 1835 eius-

163 1866 238 1900 dem
266 1864 395 1900 Urbani
432 1876 518 1912 pape
547 1869 634 1899 sexti
663 1866 917 1911 predecessoris
948 1865 1203 1911 dampnabiliter
1231 1865 1436 1897 sentenciam
1467 1865 1830 1895 exeommunicacionis
1851 1865 2024 1896 incurrere

159 1937 200 1960 ac
227 1926 375 1972 predicta
406 1929 525 1960 civitas
555 1926 731 1960 interdicto
761 1926 947 1960 huiusmodi
977 1925 1153 1959 subiacere
1184 1925 1410 1965 dinoscantur.
1440 1923 1594 1967 quodque
1625 1927 1729 1956 eciam
1761 1922 1910 1956 marchio
1940 1935 2023 1969 preâ€”

159 1987 267 2021 dictus
306 1991 338 2021 et
376 1989 425 2021 sui
464 1986 625 2021 officiales
664 1997 702 2020 ac
741 1987 887 2020 nonnulli
924 1986 1025 2019 duces
1055 1990 1194 2019 comites
1224 1984 1367 2018 barones
1396 1983 1525 2017 nobiles
1555 1983 1672 2016 milites
1702 1987 1860 2027 armigeri
1891 1989 1923 2017 et
1951 1984 2024 2017 laici

158 2050 414 2082 communitates
444 2050 614 2081 civitatum
644 2052 676 2080 et
705 2050 944 2080 univcrsitater
971 2047 1144 2091 opidorum
1166 2050 1352 2079 castrorum
1374 2044 1527 2077 vittarum
1549 2049 1580 2077 et.
1603 2049 1766 2077 terrarum
1791 2045 2024 2077 Olomucensis

161 2113 194 2143 et
234 2108 468 2143 nonnullarum
513 2108 650 2141 aliarum
694 2110 864 2142 civitatum
909 2107 1060 2140 villarum
1100 2107 1272 2152 opidorum
1310 2109 1495 2138 castrorum
1535 2109 1564 2137 et
1606 2109 1781 2138 terrarum.
1819 2108 1872 2150 qui
1903 2116 2023 2138 nomen

159 2169 281 2204 domini
317 2172 348 2203 in
379 2179 521 2202 vacuum
552 2171 705 2214 recipere
744 2180 809 2202 non
840 2168 1029 2209 formidantâ·
1060 2179 1118 2213 per
1148 2167 1343 2200 indirectum
1375 2165 1560 2198 huiusmodi
1591 2170 1746 2198 statutum
1777 2171 1806 2198 et
1828 2166 2024 2199 ordinacio-

159 2240 247 2273 nem,
277 2240 341 2275 que
370 2234 402 2263 tu
432 2229 535 2263 abbas
564 2230 694 2275 prefate
725 2232 845 2273 vigore
875 2230 1036 2262 dictarum
1069 2228 1250 2261 litterarum
1283 2237 1341 2271 per
1371 2226 1510 2259 eundem
1545 2225 1713 2258 l'rbanum
1745 2237 1861 2271 papam
1893 2231 2023 2259 sextum

159 2290 438 2336 predecessorem
477 2295 509 2324 et
547 2302 607 2336 per
643 2302 704 2324 nos
738 2290 804 2324 tibi.
842 2294 871 2322 ut
911 2292 1119 2335 premittitur.
1160 2288 1371 2330 directarum.
1412 2291 1445 2319 ut
1483 2287 1580 2319 iidem
1612 2287 1758 2320 decanus
1788 2292 1817 2319 ct
1848 2287 2023 2331 capitulum

161 2356 328 2387 asserunt.
359 2350 574 2392 confirmastiâ·
606 2356 733 2384 temere
764 2351 919 2384 violando
949 2350 1087 2383 colonosÎ‡
1118 2351 1313 2382 censuarios
1343 2350 1414 2380 sive
1445 2347 1677 2380 reddituarios.
1706 2347 1845 2380 villicos.
1881 2350 2023 2380 rusticos

161 2422 223 2445 nec
252 2422 318 2445 non
347 2411 500 2445 homines
531 2416 563 2445 et
592 2411 741 2445 subditos
771 2411 953 2444 eorundem
986 2411 1103 2443 decani
1134 2415 1163 2442 et
1186 2408 1315 2453 capituli
1338 2410 1574 2440 canonicorum
1596 2419 1634 2439 ac
1656 2411 1761 2440 eciam
1783 2408 1918 2440 aliarum
1942 2419 2024 2452 per-

159 2482 316 2506 sonarum
355 2472 501 2505 ecclesie
542 2471 776 2506 Oloniucensis
806 2471 967 2516 predicte.
999 2474 1103 2503 eciam
1135 2481 1194 2515 pro
1224 2479 1338 2501 eorum
1368 2467 1458 2500 libito
1489 2468 1667 2501 voluntatis
1698 2470 1841 2512 pessumÎ‡
1871 2472 2023 2500 tractant.

161 2532 289 2577 aliquos
318 2543 433 2566 eorum
465 2532 666 2577 captivando
696 2531 908 2565 verberando
939 2531 1118 2563 mutilando
1148 2528 1400 2563 exacciouando
1430 2540 1469 2561 ac
1500 2531 1651 2573 captivos
1682 2528 1871 2563 detinendo.
1898 2528 2023 2572 aliquos

163 2603 247 2626 vero
287 2592 527 2626 interficiendo.
563 2598 592 2625 et
624 2604 682 2625 eos
713 2592 807 2626 lionisÎ‡
838 2597 866 2624 et
898 2591 997 2625 relius
1027 2602 1141 2623 eorum
1173 2589 1344 2634 spoliando
1374 2593 1403 2621 et
1435 2588 1514 2621 alias
1545 2592 1621 2633 ipsis
1652 2589 1873 2633 multipliciter
1904 2590 2024 2631 injuri-

167 2653 265 2687 ando.
297 2655 410 2694 Quare
441 2654 577 2698 predicti
609 2654 755 2685 decanus
785 2657 814 2685 et
846 2655 988 2697 capitum
1020 2651 1114 2684 nobisÎ‡
1145 2650 1309 2683 humiliter
1338 2649 1574 2693 supplicarunt.
1598 2654 1627 2681 ut
1651 2652 1923 2681 constitucioiwm
1947 2648 2022 2681 dieti
