2313 3090
147 273 316 316 principes
355 275 386 304 et
427 270 529 305 duces
567 283 605 305 ac
645 283 760 306 eorum
799 274 1079 319 conspoliatores³
1117 279 1149 308 ut
1190 279 1399 321 premittitur,
1440 279 1733 312 exeomumntcati.
1764 277 1953 311 denunciati
1983 281 2016 310 et

144 334 322 376 aggravati
363 342 424 377 per
466 332 548 365 alios
592 333 778 377 quindecim
824 334 906 378 dies,
955 334 1061 369 dictos
1106 339 1225 381 viginti
1262 342 1404 382 quatuor
1443 337 1514 371 dies
1557 340 1710 383 proxime
1753 342 1785 371 et
1824 337 2014 371 immediate

142 396 335 437 sequentes,
367 392 545 438 dampnato
576 404 669 427 more
700 393 881 428 Pharaonis
912 400 1077 441 tamquam
1108 397 1241 442 aspides
1270 398 1370 431 surde
1401 397 1652 443 dampnabiliori
1675 403 1868 444 contemptu
1890 398 2013 432 liuius-

146 453 234 487 modi
262 456 454 487 sentencias
484 456 699 488 sustinuerint
730 458 848 490 animis
878 457 1047 497 induratis,
1078 469 1120 491 ne
1150 468 1265 491 eorum
1296 461 1533 503 supersticiosa
1565 458 1703 492 rebellio
1725 471 1791 493 non
1811 459 2012 505 patefactam

145 516 193 548 eis
229 513 431 560 desperandi
471 517 643 548 materiam
683 520 712 549 et
754 516 825 550 aliis
865 517 1038 550 audaciam
1070 517 1283 563 delinquendi
1313 518 1551 552 sulmiinistret.
1584 523 1705 553 extunc
1737 522 1766 552 in
1798 518 1950 553 omnibus
1981 523 2013 552 et

145 574 284 620 singulis
314 577 444 610 castris.
477 575 679 612 civitatibus,
710 577 816 622 opidis
845 588 884 611 ac
914 578 1080 620 ecclesiis„
1111 578 1292 624 parochiis,
1323 579 1470 625 capellis.
1500 580 1600 613 villis.
1632 583 1729 613 terris
1760 585 1789 613 et
1820 581 1903 614 locis
1928 581 2013 623 aliis,

144 639 178 670 in
216 635 334 681 quibus
372 639 635 682 supranominati
666 640 833 683 principes
863 642 892 671 et
925 637 1027 672 duces
1057 649 1096 672 ac
1125 649 1241 672 eorum
1272 640 1537 685 conspoliatores
1567 646 1621 674 aut
1650 642 1766 686 aliquisv
1797 652 1912 674 eorum
1945 641 2012 675 do—

146 699 281 731 minium
310 699 384 731 sive
413 697 684 731 iurisdiccionem
716 698 756 731 de
787 702 858 732 iure
888 699 944 732 vel
974 699 1014 731 de
1044 699 1132 732 sacto
1154 698 1328 733 habuerint
1351 711 1410 734 seu
1431 700 1595 735 habuerit.
1617 702 2011 745 venerint.usifue1·int‚

144 757 346 792 domicilium
376 757 430 791 vel
459 757 563 791 larem
593 762 749 792 voverint
780 762 853 792 sive
883 770 1010 792 moram
1040 762 1216 795 traxerint.
1255 763 1287 794 in
1317 772 1410 795 mora
1440 766 1471 794 et
1501 766 1572 806 post
1604 773 1718 795 eorum
1750 773 1921 796 recessum
1952 774 2012 808 per

144 817 288 852 triduum
314 820 507 852 continuum
537 822 682 853 servetis
712 824 742 853 et
773 820 951 854 observari
981 820 1109 854 faciatis
1140 821 1405 856 ecclesiasticum
1436 822 1667 864 intwdictumg
1698 826 1740 856 ita
1772 823 1858 868 quod
1889 823 2010 857 huius-

143 877 233 913 modi
267 879 445 913 interdicto
485 879 625 913 durante
661 880 749 913 nulla
790 881 1020 915 ecclesiastica
1060 884 1254 916 ministretis
1292 894 1351 916 seu
1390 886 1569 916 ministrari
1599 884 1727 917 faciatis
1757 895 1866 918 sacra.
1897 889 2010 929 preter

142 942 302 974 viaticum
331 939 538 974 infirmorum
569 946 601 974 et
629 940 828 987 baptismum
859 942 1074 988 parvulorum
1106 947 1137 975 et
1167 946 1412 976 matrimonium
1444 946 1516 976 sine
1545 944 1780 990 solempnitate
1801 949 2008 978 contractum

144 1006 177 1036 et
213 1001 443 1036 ecclesiastica
483 1001 652 1048 sepultura
683 1002 934 1046 decedentibus,
965 1006 1048 1037 sicut
1078 1006 1111 1037 in
1141 1003 1331 1038 huiusmodi
1360 1004 1443 1038 locis
1473 1004 1665 1050 specialiter
1694 1005 1880 1041 interdicta.
1913 1005 2009 1046 Quod

142 1062 277 1108 quidem
304 1063 518 1096 interdictum
548 1062 660 1106 modo,
691 1063 820 1106 ordine‚
852 1064 970 1107 forma,
1002 1064 1083 1099 locis
1113 1069 1143 1098 et
1175 1064 1380 1110 temporibus
1401 1065 1602 1110 supradictis
1623 1065 1786 1099 dictorum
1817 1066 2004 1111 quindecim

141 1123 269 1158 dierum
308 1125 394 1158 trina
424 1127 456 1157 et
485 1127 646 1157 canonica
677 1127 866 1157 monicione
896 1128 1059 1170 premissa
1090 1129 1213 1159 extunc
1243 1130 1339 1170 prout
1369 1136 1504 1159 exnunc
1534 1130 1566 1158 et
1595 1137 1728 1159 exnmnc
1759 1131 1855 1171 prout
1884 1131 2008 1160 extunc

141 1184 293 1229 ferimus,
332 1187 486 1230 ponimus
515 1189 548 1219 et
576 1185 827 1230 promulgamus
857 1197 917 1231 per
945 1191 1133 1231 presentes,
1164 1197 1202 1219 ae
1232 1197 1293 1232 per
1321 1197 1384 1220 vos
1413 1191 1445 1220 et
1473 1186 1555 1220 alios
1587 1191 1617 1220 et
1648 1187 1828 1232 quemlibet
1857 1192 2006 1220 vestrum

141 1250 266 1280 extunc
302 1246 460 1280 volumus
496 1250 528 1280 et
566 1246 761 1280 mandamus
800 1246 1036 1281 iuviolabiliter
1073 1246 1260 1289 observari⁷
1301 1246 1341 1280 ab
1380 1246 1443 1281 hiis
1481 1258 1613 1292 quoque
1652 1247 1805 1281 omnibus
1834 1250 2008 1294 premissis

139 1309 279 1350 cessari,
309 1307 367 1341 sed
399 1318 437 1340 ea
467 1318 541 1340 cum
568 1307 745 1352 diligencia
767 1306 909 1341 fideliter
929 1310 1052 1353 exequi
1073 1306 1133 1341 sub
1154 1310 1248 1353 penis
1269 1310 1516 1353 suprascriptis.
1539 1308 1646 1341 donec
1667 1308 1743 1341 dicti
1766 1311 2007 1341 excommuni-

139 1370 204 1401 cati
223 1367 363 1414 prefatis
383 1367 525 1402 dominis
546 1367 687 1411 decano,
709 1369 852 1414 capitulo
873 1373 902 1401 et
925 1368 1068 1402 ecclesie
1091 1368 1305 1402 Olomucensi
1327 1368 1619 1413 singularibusque
1640 1372 1792 1414 personis
1822 1368 2006 1402 eorundem

138 1431 249 1462 omnia
268 1427 377 1462 ablata
397 1433 430 1462 et
451 1429 590 1475 spoliata
611 1431 798 1470 restituant,
829 1429 869 1462 de
899 1429 1116 1475 dampnisque
1138 1433 1170 1462 et
1199 1431 1325 1463 iniuriis
1354 1429 1452 1475 plene
1482 1434 1511 1463 et
1544 1430 1754 1474 integraliter
1783 1429 2007 1464 satisfecerint

139 1493 171 1523 et
209 1500 228 1523 a
262 1488 358 1524 nohis
396 1488 597 1523 beneficium
635 1489 861 1524 absolucionis
896 1493 1077 1524 meruerint
1108 1489 1271 1524 obtinere.
1303 1490 1496 1524 Intimantes
1526 1490 1665 1531 eisdem„
1696 1491 1781 1535 quod
1813 1493 1839 1524 si
1869 1493 1936 1524 cito
1966 1490 2005 1524 ad

139 1549 242 1584 corda
271 1553 415 1593 reversi,
446 1550 590 1585 absoluti
620 1556 651 1585 et
681 1555 796 1585 sancte
827 1554 923 1584 matri
953 1551 1099 1585 ecclesie
1129 1552 1336 1586 reconciliati
1364 1563 1433 1586 non
1462 1551 1597 1594 fuerint„
1619 1551 1742 1585 exhinc
1763 1552 2007 1597 desperacione

138 1622 254 1645 eorum
290 1614 451 1657 exigente
489 1616 606 1646 contra
643 1615 734 1658 ipsos
771 1616 802 1645 et
832 1623 946 1645 eorum
977 1611 1157 1657 quemlibet
1187 1612 1226 1646 ad
1256 1615 1511 1646 invocacionem
1543 1612 1656 1646 auxilii
1688 1611 1814 1645 brachii
1844 1612 2006 1646 secularis

139 1671 306 1706 mediante
357 1673 492 1717 justicia
547 1673 782 1719 procedemus.
839 1673 1004 1706 Volumus
1061 1676 1179 1717 eciam,
1236 1673 1321 1719 quod
1369 1685 1430 1720 per
1476 1678 1667 1719 presentem
1724 1678 1872 1707 nostrum
1922 1684 2006 1718 pro-

137 1743 270 1768 cessum
308 1738 429 1768 statuta
464 1735 686 1780 provincialia
725 1740 755 1768 et
794 1734 968 1780 synodalia
1007 1738 1122 1767 contra
1161 1734 1360 1780 spoliatores
1389 1734 1693 1768 ecclesiasticarum
1723 1744 1944 1779 personarum
1975 1737 2007 1766 et-

137 1805 251 1829 secum
280 1805 342 1841 per
369 1798 578 1841 provinciam
608 1795 814 1841 Pragensem
846 1800 875 1829 et
906 1795 1066 1828 diocesim
1097 1795 1359 1829 olomucensem
1389 1796 1557 1841 predictas
1587 1795 1708 1828 editam
1739 1794 2004 1840 (sic](1110q11‹)-

137 1854 236 1889 modo
273 1856 529 1902 impedirentur,
566 1868 625 1891 seu
664 1859 712 1891 eis
746 1859 778 1890 in
816 1856 925 1902 aliquo
961 1856 1155 1900 derogetur„
1193 1856 1251 1889 sed
1287 1858 1400 1902 sepius
1429 1859 1582 1889 striccius
1611 1855 1825 1897 observetur,
1856 1854 1942 1899 quod
1973 1857 2004 1887 in

135 1918 215 1962 ipsis
244 1919 426 1963 precipitur
455 1922 488 1951 et
516 1918 702 1951 mandatur.
732 1917 907 1957 Volumus
937 1917 1022 1963 quod
1053 1928 1193 1963 presens
1214 1921 1328 1950 noster
1348 1926 1528 1962 processus
1549 1916 1644 1949 (lictis
1666 1919 1794 1950 statutis
1816 1919 1846 1949 in
1871 1915 2003 1949 modum

136 1977 292 2023 specialis
326 1979 463 2024 presidii
501 1983 534 2012 et
566 1980 653 2023 juris
687 1979 898 2013 aminiculum
935 1978 1133 2021 cumuletur,
1172 1980 1310 2024 ipsaque
1346 1981 1464 2011 statuta
1505 1988 1567 2010 una
1606 1988 1679 2010 cum
1712 1980 1858 2022 presenti
1889 1981 2003 2010 nostro

138 2048 302 2084 processu
331 2042 574 2074 execucionem
605 2039 749 2073 habeant
779 2044 811 2073 et
848 2043 878 2073 in
915 2038 1068 2072 omnibus
1103 2041 1232 2084 punctis
1270 2038 1426 2072 clausulis
1457 2041 1550 2083 penis
1580 2040 1761 2071 sentenciis
1792 2042 1823 2070 et
1852 2040 2003 2071 censuris

136 2098 282 2134 debitum
298 2111 392 2135 suum
410 2104 600 2135 sorciantur
616 2106 648 2135 et
665 2105 914 2146 consequantur
931 2100 1083 2133 effectum
1100 2099 1160 2133 sub
1178 2102 1271 2145 penis
1287 2110 1459 2133 sacrorum
1478 2109 1642 2131 canonum
1661 2102 1692 2131 et
1713 2101 1818 2131 eciam
1836 2099 2003 2130 contentis

134 2162 169 2194 in
188 2161 326 2195 eisdem.
348 2161 385 2195 In
406 2156 546 2207 quorum
568 2164 713 2196 omnium
736 2167 767 2196 et
788 2161 997 2206 singulorum
1019 2163 1242 2194 testimonium
1265 2163 1439 2205 presentes
1462 2160 1574 2192 literas
1595 2170 1654 2192 seu
1675 2170 1815 2204 presens
1837 2158 2001 2204 publicum

134 2224 388 2256 instrumentum
411 2222 598 2256 huiusmodi
616 2234 812 2268 processum
830 2227 979 2256 nostrum
997 2224 1028 2255 in
1044 2233 1080 2254 se
1097 2223 1307 2254 continentes
1324 2231 1382 2253 seu
1404 2223 1578 2253 continens
1608 2230 1667 2264 per
1696 2218 1881 2252 Joliauuem
1905 2218 2001 2264 Syn-

135 2282 276 2326 derami‚
292 2287 441 2317 nostrum
460 2286 491 2317 in
509 2283 695 2317 huiusmodi
712 2294 812 2317 causa
830 2294 944 2317 coram
962 2282 1057 2316 nobis
1074 2281 1228 2315 scribam.
1246 2280 1347 2314 scribi
1364 2285 1395 2313 et
1411 2280 1570 2326 publicari
1588 2281 1818 2313 mandavimus
1832 2282 2001 2324 nostrique

138 2343 237 2389 sigilli
267 2344 430 2388 jussimus
467 2347 674 2390 appensione
713 2347 843 2378 muniri.
884 2344 1004 2377 Datum
1044 2347 1075 2377 et
1112 2347 1219 2375 aetum
1258 2342 1405 2375 Wiennc
1436 2344 1466 2374 in
1498 2343 1700 2374 monasterio
1732 2340 1909 2373 Scotorum
1940 2339 2000 2373 sub

132 2415 220 2439 anno
258 2415 275 2438 a
305 2407 478 2438 nativitate
508 2404 631 2438 domini
662 2404 838 2438 millesimo
869 2402 970 2438 CCCO
999 2406 1220 2447 nonagesimo
1250 2414 1351 2445 nono,
1381 2401 1433 2434 die
1462 2401 1591 2436 Martis
1623 2401 1677 2434 lv.
1711 2403 1834 2434 mensis
1864 2400 1993 2443 Marcii,

132 2466 322 2500 indiccione
358 2467 510 2511 septima⁷
551 2464 632 2499 liora
673 2468 851 2499 tei-ciarum
889 2465 944 2498 vel
982 2467 1087 2510 quasi.
1126 2462 1334 2509 pontificatus
1372 2464 1572 2496 sanctissimi
1613 2464 1643 2494 in
1674 2461 1807 2494 Christo
1837 2464 1939 2506 patris
1969 2465 1999 2494 et

133 2526 257 2560 domini
285 2529 391 2560 nostri
420 2526 543 2559 domini
573 2525 749 2570 Bonifacii,
780 2526 890 2560 divina
921 2525 1140 2572 providencia
1171 2536 1254 2570 pape
1286 2526 1374 2566 nonu
1404 2534 1491 2556 anno
1521 2522 1662 2555 decimo.

288 2586 329 2620 Et
358 2597 424 2631 ego
458 2585 630 2620 Johannes
669 2586 872 2632 Syndcrami
911 2587 951 2619 de
993 2584 1223 2630 Ileilgenstad,
1267 2584 1409 2617 clericus
1451 2582 1601 2627 Magunt.
1647 2583 1802 2616 dioeesis.
1848 2582 1998 2628 publicus

133 2648 296 2694 imperiali
325 2650 523 2681 auctoritate
552 2649 701 2681 notarius
731 2651 793 2680 etc.
