2313 3090
1181 190 1255 223 394

282 297 500 342 providimus.
546 296 778 330 Dec-eruentes
823 300 918 341 prout
956 299 1027 328 erat
1065 297 1191 328 irritmn
1237 300 1266 328 et
1311 297 1421 337 inane,
1464 298 1490 329 si
1534 307 1632 330 secus
1675 306 1777 341 super
1819 295 1880 328 hiis
1924 307 1940 328 a
1985 305 2150 340 quoquam

281 361 399 402 quavis
438 360 633 391 auctoritate
672 360 819 391 scienter
856 357 907 389 vel
948 359 1143 401 ignoranter
1182 360 1409 401 attemptatum
1448 356 1560 390 forsan
1597 361 1680 400 erat,
1725 361 1800 389 tunc
1844 356 1899 389 vel
1937 359 2153 402 imposterum

280 421 489 462 contingeret
530 421 728 464 attemptari.
769 417 843 451 Non
874 416 1093 459 obstantibus7
1133 417 1219 461 quod
1259 417 1345 450 idem
1383 416 1541 451 Nicolaus
1578 417 1719 463 predicti
1758 417 1812 450 vel
1851 417 1989 450 alterius
2028 417 2154 450 ordinis

281 478 452 523 professus
488 490 552 511 non
591 490 632 512 ex
677 482 758 512 istis.
803 483 835 511 et
878 483 941 511 tam
985 481 1038 524 pie
1084 481 1245 511 memorie
1288 477 1451 511 Bonisaeii
1494 489 1579 524 pape
1616 478 1706 511 VIII.
1746 478 1999 523 predecessoris
2037 479 2155 523 nostri,

282 551 378 584 quam
419 540 490 573 aliis
528 539 825 573 constitucionilms
864 540 1068 585 apostolicis,
1098 550 1160 572 nec
1192 550 1257 572 non
1287 541 1429 572 statutis.
1461 539 1757 573 emisuetudiniluis
1788 539 1917 580 doinus,
1961 538 2087 572 ordinis
2121 542 2154 572 et

283 600 426 633 ecclesie
463 600 687 645 predictorum
728 603 833 634 eciam
873 603 1072 644 iuramento,
1113 598 1375 633 confirmacione
1414 599 1609 645 apostolica,
1647 600 1702 634 vel
1741 602 1860 644 quavis
1900 598 2053 633 firmitate
2088 599 2152 633 alia

283 660 448 694 roboratis
485 663 661 694 contrariis
691 660 966 706 ‹piibnscunque;
996 666 1050 695 aut
1080 664 1106 695 si
1137 661 1238 705 aliqui
1269 671 1370 706 super
1399 660 1647 705 provisionibus
1677 660 1738 694 sibi
1768 659 1931 694 faciendis
1961 660 2001 693 de
2031 659 2152 693 liuius—

282 723 368 754 modi
406 721 460 755 vel
498 721 569 755 aliis
605 721 791 755 beneficiis·
816 722 1055 756 ecclesiasticis
1090 725 1123 756 in
1160 722 1223 755 illis
1261 720 1407 766 partibus
1448 721 1611 766 speciales
1651 722 1705 755 vel
1734 721 1915 766 generales
1945 721 2032 754 dicte
2061 721 2151 755 sedis

282 783 335 816 vel
366 782 551 827 legatorum
583 783 698 817 literas
728 786 930 828 impetravit,
952 786 1058 817 eciam
1081 794 1182 829 super
1202 793 1261 816 eos
1283 782 1322 815 ad
1345 781 1593 825 inliibicionem,
1615 784 1892 816 reservacionem
1914 786 1947 815 et
1967 781 2152 825 decretum,

282 843 335 876 vel
375 843 445 876 aliis
482 843 729 888 quomodolibet
762 843 832 877 fieri
863 847 1037 890 potuisset,
1069 843 1187 889 quibus
1217 843 1369 877 omnibus
1400 843 1521 876 dictum
1550 842 1725 876 Nicolaum
1755 846 1785 876 in
1815 845 2036 876 assecucione
2066 842 2154 876 dicte

282 904 425 937 ecclesie
456 904 608 937 volumus
639 904 811 949 anteferri,
841 905 900 938 sed
932 905 1055 939 nullum
1087 916 1146 950 per
1175 904 1239 938 hoc
1269 907 1316 938 eis
1346 904 1453 949 quoad
1475 907 1728 937 assecucionem
1750 902 1992 937 beneficiorum
2013 902 2152 936 aliorum

282 964 499 1009 preiudicium
539 968 710 1009 generari.
741 977 799 998 seu
830 969 856 999 si
886 966 1072 999 venerabili
1102 966 1195 999 fratri
1239 969 1354 999 nostro
1398 992 1404 998 .
1464 992 1470 997 .
1528 967 1686 1010 episcopo
1718 964 1934 998 Olomucensi
1964 968 1996 997 et
2025 963 2152 997 dilectis

282 1024 353 1058 litiis
390 1028 552 1069 magistro
591 1025 678 1059 dicte
717 1026 834 1059 domus
872 1027 926 1060 vel
965 1026 1138 1072 quibusvis
1177 1026 1248 1059 aliis
1287 1028 1510 1059 communiter
1538 1025 1593 1059 vel
1622 1026 1753 1059 divisim
1784 1024 1824 1058 ab
1855 1024 1971 1058 eadem
2002 1027 2043 1058 sit
2071 1024 2152 1058 sede

281 1086 453 1120 indultum.
485 1086 571 1131 quod
602 1087 641 1120 ad
672 1090 908 1133 recepcionem
939 1088 993 1121 vel
1023 1090 1253 1133 provisionem
1285 1087 1425 1120 alieuius
1457 1089 1588 1119 minime
1619 1091 1796 1119 teneantur
1825 1090 1857 1119 et
1886 1085 1925 1119 ad
1946 1085 1977 1119 id
1999 1085 2152 1131 compelli

282 1158 347 1180 non
385 1150 524 1193 possint,
564 1149 718 1193 quodque
757 1148 797 1181 de
828 1148 1016 1183 huiusmodi
1046 1147 1313 1194 parrochialibus
1343 1147 1496 1181 ecclesiis
1525 1147 1580 1181 vel
1609 1147 1680 1180 aliis
1710 1146 1882 1181 beneficiis
1912 1146 2152 1181 ecclesiasticis

281 1208 321 1241 ad
365 1219 480 1241 eorum
525 1208 757 1245 collacionem.
802 1212 1044 1254 provisionem„
1089 1212 1392 1255 presentacionem,
1440 1219 1499 1242 seu
1546 1211 1698 1253 quamvis
1746 1208 1842 1241 aliam
1894 1208 2153 1253 disposicionem

282 1272 482 1302 coniunctim
524 1270 577 1303 vel
616 1273 794 1315 separatim
833 1270 1060 1316 spectantibus
1100 1270 1179 1303 nulli
1219 1270 1348 1303 valeret
1385 1269 1555 1315 provideri
1592 1280 1652 1315 per
1689 1269 1804 1303 literas
1842 1269 2058 1315 apostolicas,
2088 1279 2155 1302 non

282 1330 444 1364 facientes
482 1330 612 1376 plenam
652 1335 683 1363 et
718 1342 916 1376 expressam
954 1342 993 1364 ac
1032 1331 1072 1364 de
1108 1331 1214 1365 verbo
1244 1331 1284 1364 ad
1315 1330 1456 1365 verbum
1485 1330 1525 1364 de
1554 1331 1678 1364 indulto
1710 1330 1898 1364 huiusmodi
1928 1332 2153 1374 mencionem,

282 1396 314 1424 et
352 1391 498 1436 qualibet
535 1391 596 1424 alia
637 1392 723 1425 dicte
761 1392 850 1426 sedis
889 1392 1101 1437 indulgencia
1140 1392 1291 1437 generati
1331 1391 1384 1426 vel
1423 1392 1571 1437 speciali,
1602 1394 1830 1438 cuiuscunque
1860 1395 1986 1426 tenoris
2017 1393 2152 1435 existat,

283 1464 342 1498 per
372 1464 469 1497 quam
500 1455 622 1486 nostris
652 1452 769 1486 litteris
799 1464 865 1486 non
895 1464 1092 1499 expressam
1124 1453 1178 1487 vel
1207 1453 1352 1487 totaliter
1382 1463 1447 1486 non
1477 1454 1634 1486 insertam
1666 1451 1804 1486 effectus
1826 1451 2015 1486 huiusmodi
2035 1455 2153 1497 gracie

284 1514 435 1559 impediri
475 1514 584 1547 valeat
622 1514 872 1558 quomodolibet
910 1515 965 1549 vel
1004 1515 1138 1559 differri,
1179 1519 1211 1548 et
1247 1514 1287 1547 de
1327 1524 1389 1559 qua
1425 1516 1584 1558 cuiusque
1621 1509 1688 1547 toto
1720 1518 1837 1547 tenore
1868 1512 2021 1547 habenda
2051 1516 2093 1547 sit
2121 1516 2154 1547 in

282 1575 408 1608 eisdem
446 1577 569 1608 nostris
608 1574 725 1609 litteris
765 1578 896 1609 mencio
925 1576 1092 1622 specialis.
1123 1577 1193 1610 Aut
1223 1574 1309 1620 quod
1340 1574 1460 1607 dudum
1491 1573 1598 1607 eidem
1630 1572 1789 1617 Nicolao,
1819 1579 1853 1608 ut
1882 1577 2014 1619 asserit,
2045 1577 2153 1608 eciam

282 1635 322 1668 de
360 1636 445 1669 dicta
485 1636 630 1669 ecclesia
670 1639 790 1681 vigore
830 1637 1036 1682 quorundam
1076 1637 1216 1671 aliarum
1255 1637 1438 1671 litterarum
1478 1640 1666 1672 nostrarum
1706 1635 1938 1670 mandavimus
1968 1635 2153 1681 provideri,

280 1707 362 1741 quas
392 1697 524 1741 quidem
554 1697 680 1730 litteras
710 1701 741 1730 et
779 1709 959 1743 processus
997 1697 1099 1731 habiti
1137 1709 1198 1743 per
1227 1697 1363 1731 easdem
1405 1701 1436 1730 et
1475 1708 1706 1742 quemcunque
1749 1697 1825 1730 inde
1864 1701 1991 1740 secuta,
2031 1701 2155 1731 extunc

280 1761 490 1791 cassavimus
517 1762 549 1791 et
584 1760 800 1799 irritavimus,
841 1770 879 1792 ac
909 1759 1029 1793 nullius
1068 1770 1143 1793 esse
1181 1759 1348 1793 voluimus
1388 1757 1517 1791 roboris
1547 1757 1602 1791 vel
1633 1760 1802 1791 momenti.
1834 1757 1998 1791 Volumus
2027 1761 2150 1802 autem,

282 1819 368 1863 quod
408 1821 435 1852 si
470 1818 557 1852 dicta
596 1819 739 1853 ecclesia
779 1831 796 1852 a
834 1820 932 1853 domo
967 1820 1023 1854 vel
1052 1819 1116 1853 alio
1145 1820 1220 1853 loco
1251 1817 1440 1852 huiusmodi
1471 1818 1657 1864 dependeat
1686 1823 1717 1851 et
1747 1829 1806 1864 per
1836 1821 2019 1853 canonicos
2048 1821 2151 1864 ipsius

283 1879 400 1912 domus
437 1878 620 1924 gubernari
659 1883 876 1914 consueverit
914 1885 946 1914 et
975 1892 1048 1914 eam
1080 1881 1201 1914 dictum
1232 1879 1406 1914 Nicolaum
1436 1882 1556 1924 vigore
1586 1879 1768 1913 litterarum
1800 1884 1989 1913 nostrarum
2019 1882 2153 1925 assequi

282 1943 506 1985 contingeret,
543 1941 630 1986 quod
669 1942 755 1974 idem
792 1942 950 1976 Nicolaus
980 1945 1063 1975 intra
1094 1946 1163 1976 tres
1193 1953 1327 1976 menses
1357 1952 1374 1974 a
1405 1941 1457 1975 die
1487 1943 1715 1974 assecucionis
1745 1939 1933 1974 huiusmodi
1961 1940 2153 1974 immediate

282 2002 536 2047 computandos,
567 2003 750 2047 predictum
782 2003 914 2037 domum
945 2003 1076 2048 ingredi
1106 2008 1138 2037 et
1166 2006 1197 2037 in
1228 2014 1266 2036 ea
1288 2002 1532 2048 professionem
1554 2001 1745 2045 regularem
1768 2012 1828 2046 per
1848 2004 2030 2036 canonicos
2050 2003 2154 2047 ipsius

283 2062 400 2096 domus
443 2065 545 2096 emitti
589 2068 783 2097 consuetam
832 2067 997 2107 emittere,
1045 2064 1189 2109 alioquin
1237 2063 1421 2109 predictam
1469 2062 1662 2105 ecclesiam,
1710 2073 1808 2107 quain
1857 2067 1981 2096 extunc
2027 2073 2153 2096 vacare

283 2123 507 2166 decernimus,
546 2127 681 2157 omnino
718 2124 884 2158 dimittere
923 2129 1086 2158 teneatur.
1126 2124 1294 2166 Quocirca
1334 2124 1532 2158 discrecioni
1572 2127 1685 2156 vestre
1724 2134 1785 2168 per
1815 2123 1997 2168 apostolica
2027 2126 2152 2170 scripta

285 2183 489 2227 mandamus,
530 2187 683 2229 quatinus
722 2196 783 2219 vos
822 2186 876 2219 vel
914 2186 978 2219 duo
1017 2190 1071 2218 aut
1110 2197 1192 2219 unus
1223 2189 1373 2219 vestrum
1402 2195 1462 2230 per
1490 2194 1565 2226 vos,
1596 2184 1650 2217 vel
1680 2184 1779 2217 alium
1809 2195 1869 2218 seu
1898 2184 1981 2219 alios
2011 2184 2154 2218 eundem

285 2243 459 2278 Nicolaum
490 2246 544 2279 vel
573 2250 827 2291 procuratorem
857 2257 951 2280 suum
982 2249 1053 2280 eius
1083 2249 1217 2279 nomine
1244 2249 1276 2279 in
1297 2245 1506 2291 corporalem
1529 2248 1780 2290 possessionem
1801 2245 1946 2279 ecclesie
1967 2248 2153 2290 iuriumque

284 2309 315 2336 et
352 2309 633 2349 pertinenciarum
674 2306 897 2351 predictarum
933 2307 1095 2340 inducatis
1135 2318 1195 2352 per
1233 2309 1464 2340 anctoritatem
1505 2310 1652 2339 nostram
1692 2310 1724 2339 et
1753 2305 1941 2339 defendatis
1971 2305 2153 2349 inductum,

285 2370 395 2398 :nnoto
432 2367 554 2399 exindo
590 2366 734 2412 quolibet
773 2367 959 2411 detentore,
997 2379 1036 2401 ac
1076 2367 1238 2402 facientes
1273 2367 1334 2402 sibi
1373 2367 1412 2400 de
1448 2370 1549 2412 ipsius
1579 2367 1723 2400 ecclesie
1754 2366 1927 2410 fructibus,
1958 2366 2153 2410 redditibus,

283 2426 511 2471 proventilnis.
544 2427 668 2461 iuribus
699 2433 727 2461 et
760 2428 1026 2462 obveneionibus
1056 2431 1225 2462 universis
1255 2431 1386 2473 integre
1408 2427 1617 2473 responderi,
1647 2431 1832 2473 ipsumque,
1854 2430 1879 2462 si
1901 2427 1988 2461 dicta
2009 2427 2154 2461 ecclesia

282 2498 298 2518 a
332 2486 429 2520 domo
461 2488 511 2521 vel
543 2488 616 2521 loco
648 2488 836 2522 huiusmodi
867 2490 1067 2535 dependeat,
1097 2494 1127 2522 ut
1159 2490 1341 2535 prefertur,
1372 2491 1399 2523 si
1429 2488 1492 2521 lioe
1524 2488 1666 2523 voluerit
1696 2493 1728 2522 et
1756 2492 1797 2523 sit
1818 2488 1969 2532 idoneus,
1991 2492 2046 2522 aut
2066 2487 2153 2522 aliud

283 2550 480 2580 canonicum
512 2560 575 2581 non
607 2548 745 2583 obsistat
775 2552 807 2582 in
838 2549 936 2583 domo
966 2550 1020 2583 vel
1051 2550 1125 2583 loco
1156 2550 1356 2593 huiusmodi,
1385 2553 1458 2584 sive
1480 2552 1510 2582 in
1532 2561 1570 2582 ea
1593 2550 1647 2583 vel
1668 2552 1699 2583 in
1721 2561 1761 2583 eo
1782 2554 1894 2583 certus
1914 2551 2153 2582 canonicorum

285 2618 441 2641 numerus
472 2608 581 2646 suerit,
612 2612 684 2643 sive
715 2614 827 2643 nostra
858 2613 1057 2644 anctoritate
1087 2613 1191 2656 recipi
1222 2614 1251 2644 in
1283 2613 1478 2644 canonicum
1509 2614 1541 2643 et
1570 2612 1601 2643 in
1631 2609 1780 2654 fratrem,
1810 2608 1939 2655 sibique
1960 2608 2151 2654 regularem
