2313 3090
1242 377 1352 414 217.

356 455 493 489 ,lolmun
525 466 587 489 rou
619 455 743 488 Hodz'tz-
775 455 934 499 rerlraufl
960 457 1044 498 fans
1067 454 1187 488 Lalme
1217 457 1248 489 e'n
1280 456 1353 489 dem
1386 455 1498 500 Dorfe
1520 455 1673 490 Rose'c'lra
1705 457 1778 490 dem
1802 456 1943 490 Kloster
1963 458 1997 490 in
2018 456 2224 491 Neurez'sck.

973 514 1031 549 Dl.
1065 515 1122 549 13.
1156 515 1350 550 November
1380 516 1491 550 1394.
1523 529 1550 550 s.
1581 517 1602 551 l.

514 591 607 655 Ego
636 610 808 645 Johannes
838 612 878 645 de
907 611 1034 645 Hodicz
1064 623 1206 660 unacum
1237 612 1417 647 heredibus
1448 617 1530 647 meis
1554 617 1670 647 tenore
1692 617 1904 660 presencium
1926 613 1966 647 ad
1988 616 2225 648 universorum

356 675 510 706 noticiam
541 671 671 718 publice
701 675 799 718 cupio
830 673 1005 708 devenire.
1036 673 1123 719 quod
1153 685 1234 708 sana
1265 678 1296 708 et
1326 679 1454 708 matura
1484 674 1726 708 deliberatione
1755 673 1929 720 prehabita
1958 677 1991 708 in
2021 674 2100 708 villa
2134 677 2227 717 mea,

356 732 535 778 Rosyezka
565 738 764 778 nuncupata,
795 736 940 779 quinque
979 734 1095 768 laneos
1133 746 1207 768 cum
1248 735 1387 780 quartali
1427 738 1521 769 unius
1556 736 1641 769 lanei
1672 746 1745 769 cum
1777 738 1868 779 agris
1897 735 1993 769 cultis
2022 739 2056 769 et
2083 735 2225 778 incultis,

356 796 456 838 pratis
486 797 618 838 pascuis
648 795 765 828 riVulis
782 793 908 829 rubetis
938 795 1104 830 montibus
1134 795 1275 830 vallibus
1304 795 1498 830 nemoribus
1522 796 1656 840 judiciis
1672 795 1803 840 juribus
1830 795 2108 840 obvencionibus‚
2128 795 2227 842 pleno

356 865 428 887 eum
460 853 617 890 dominio.
649 854 806 889 censibus
835 867 898 889 nec
928 867 992 890 non
1010 868 1083 890 cum
1115 856 1218 890 berna
1248 857 1366 902 regali,
1396 860 1679 903 pertinenciisque
1709 868 1826 890 eorum
1855 859 2023 891 universis
2052 867 2092 890 ac
2121 859 2226 890 eciam

355 925 427 947 enm
450 914 603 948 omnibus
624 915 697 958 iltis„
728 927 792 961 que
813 916 932 951 limites
958 918 1153 951 eorumdem
1174 921 1318 963 quinque
1338 918 1511 952 laneorum
1533 929 1607 951 cum
1628 917 1769 963 quartali
1788 917 1936 951 ambiunt
1969 922 2002 951 et
2035 916 2227 963 distinqunt‚

355 986 417 1019 que
447 986 534 1009 nunc
564 975 606 1009 ibi
635 981 722 1017 sunt„
754 982 807 1010 aut
829 978 1079 1023 quomodolibet
1100 978 1171 1012 fieri
1192 983 1347 1024 poterunt
1367 982 1399 1012 in
1422 978 1563 1012 futurum
1587 983 1617 1011 et
1638 989 1837 1023 quocunque
1857 980 1992 1012 nomine
2012 982 2225 1019 censeantur,

355 1035 514 1080 religiose
552 1040 661 1070 sorori
698 1038 873 1071 domicelle
909 1038 999 1072 Jutte
1038 1039 1170 1073 moniali
1208 1044 1240 1073 et
1279 1042 1413 1073 custrici
1453 1042 1647 1073 monasterii
1684 1039 1781 1073 beate
1816 1041 1959 1084 virginis
2007 1041 2039 1072 in
2076 1038 2226 1076 Reusch.

354 1101 671 1141 premonstratensis
710 1099 835 1132 ordinis
875 1099 1019 1133 diocesis
1058 1100 1283 1134 olomucensis
1313 1103 1438 1145 totique
1475 1103 1658 1134 conventui
1686 1105 1717 1133 et
1747 1102 1953 1134 monasterio
1982 1099 2103 1134 ibidem
2134 1099 2226 1134 titulo

355 1168 436 1190 vere
474 1158 685 1192 vendicionis
725 1159 858 1193 vendidi
894 1161 971 1204 jure
1010 1164 1222 1206 proprietatis
1261 1166 1293 1195 et
1321 1161 1517 1195 hereditatis
1553 1161 1715 1195 tenendos
1746 1161 1919 1195 habendos
1949 1160 2158 1194 utifruendos
2187 1171 2226 1194 ac

354 1220 383 1250 in
414 1223 610 1263 perpetuum
641 1220 875 1265 possidendOS,
904 1232 964 1266 pro
995 1225 1233 1267 quinquaginta
1251 1225 1434 1267 sexagenis
1461 1233 1659 1267 grossorum
1681 1224 1898 1268 pragensium
1919 1222 2133 1256 denariorum
2154 1224 2226 1267 puri

354 1282 495 1323 argenti‚
535 1290 632 1324 quam
672 1281 803 1326 quidem
835 1285 1008 1327 pecuniam
1039 1282 1080 1316 ab
1109 1286 1179 1328 ipsa
1209 1283 1382 1316 domicella
1412 1282 1500 1316 Jutta
1536 1283 1726 1328 supradicta
1771 1285 1803 1316 in
1847 1287 1961 1328 parata
1992 1286 2023 1315 et
2051 1286 2225 1316 numerata

353 1341 492 1384 pecunia
525 1340 632 1373 fateor
662 1352 714 1374 me
735 1341 884 1387 plenarie
904 1346 1099 1388 percepisse
1121 1348 1153 1377 et
1172 1347 1296 1389 totique
1317 1346 1498 1377 conventui
1521 1355 1559 1376 ac
1588 1346 1792 1377 monasterio
1823 1343 1973 1389 predicto
2003 1345 2225 1389 quitacionem

358 1401 443 1434 l'acio
474 1401 514 1434 de
544 1402 716 1436 solucione
746 1406 888 1448 pecunie
917 1415 1016 1449 supra
1048 1404 1153 1447 dicte;
1183 1409 1353 1450 totumque
1377 1405 1445 1448 jus.
1476 1405 1562 1450 quod
1586 1405 1663 1438 mihi
1685 1404 1933 1450 heredibusque
1964 1407 2047 1438 meis
2081 1415 2226 1450 compe-

353 1461 439 1495 tebat
479 1467 509 1495 et
554 1469 748 1508 competere
790 1469 922 1509 poterat
965 1467 996 1498 in
1035 1464 1161 1499 eisdem
1203 1469 1346 1510 quinque
1386 1466 1490 1499 laneis
1529 1470 1560 1498 et
1599 1465 1750 1511 quartali.
1790 1469 1822 1499 in
1851 1470 2056 1500 conventum
2085 1465 2226 1512 predicti

353 1526 544 1556 monasterii
584 1528 615 1556 et
653 1529 806 1559 rectores
845 1525 1012 1569 legitimos
1051 1526 1200 1569 ejusdem
1240 1526 1451 1571 presentibus
1486 1526 1653 1560 transfero
1683 1531 1713 1559 et
1755 1526 1951 1561 transfundo
1980 1526 2107 1572 absque
2136 1529 2226 1560 omni

352 1583 439 1617 dolo.
472 1583 550 1617 nihil
582 1585 659 1618 mihi
689 1590 743 1618 aut
774 1585 955 1620 heredibus
990 1590 1072 1620 meis
1110 1586 1231 1620 ibidem
1270 1587 1491 1621 reservando.
1549 1586 1619 1621 Nos
1648 1590 1750 1632 igitur
1779 1587 1926 1621 Marsico
1957 1587 1998 1621 de
2025 1587 2225 1634 Uslrassym

353 1644 461 1678 Adam
502 1645 608 1680 dictus
647 1645 803 1680 Cadalice
840 1647 880 1680 de
917 1647 1096 1691 Rzeczice‚
1137 1647 1268 1681 Gesslffl
1307 1648 1412 1681 dictus
1450 1647 1575 1682 Konias
1614 1648 1655 1681 de
1694 1647 1889 1688 Kniehnicm
1930 1648 2081 1682 Litvinus
2119 1648 2225 1682 dictus

353 1705 560 1751 lllawnycze
590 1706 630 1739 de
660 1707 792 1741 Rosecz
822 1714 853 1743 et
883 1707 998 1742 Buzko
1033 1709 1073 1742 de
1103 1708 1229 1742 llodicz
1259 1708 1474 1743 fideiussores
1504 1714 1534 1742 et
1575 1708 1817 1754 disbrigatores
1855 1720 1919 1742 una
1958 1720 2032 1743 cum
2070 1708 2224 1744 Johanne

351 1767 542 1812 supradicto
565 1772 596 1801 et
616 1779 676 1813 pro
706 1771 777 1814 ipso
799 1772 1019 1814 promittimus
1042 1769 1128 1803 bona
1150 1774 1263 1803 nostra
1285 1769 1348 1803 fide
1370 1774 1401 1803 et
1422 1773 1554 1803 sincera
1575 1772 1646 1803 sine
1668 1769 1756 1809 stolo,
1786 1781 1903 1804 omnes
1924 1772 2125 1804 unanimiter
2150 1781 2223 1804 cum

353 1826 532 1862 heredibus
562 1832 685 1863 nostris
716 1841 813 1863 manu
840 1834 1016 1864 coniuncta
1038 1834 1069 1864 in
1090 1831 1230 1865 solidum
1253 1835 1284 1863 et
1305 1830 1460 1873 indivisa,
1491 1830 1660 1875 predictos
1686 1833 1830 1876 quinque
1851 1830 1966 1864 laneos
1987 1842 2061 1864 cum
2083 1830 2223 1876 quartali

352 1893 383 1921 et
403 1892 621 1934 pertinenciis
643 1891 836 1924 eorumdem
861 1895 1027 1925 universis
1048 1903 1147 1937 supra
1169 1894 1303 1934 notatis,
1324 1891 1474 1937 predicte
1495 1891 1670 1924 domicelle
1686 1890 1775 1924 Jutte
1796 1895 1828 1924 et
1851 1894 2056 1925 monasterio
2072 1891 2223 1937 predicto

350 1961 389 1982 ac
410 1953 590 1983 conventui
614 1955 807 1985 monasterii
838 1952 988 1995 ejusdem
1010 1957 1126 1986 contra
1148 1952 1329 1997 quemlibet
1362 1952 1543 1994 hominem,
1571 1955 1799 1997 cuiuscunque
1817 1956 1920 1986 status
1941 1957 1996 1985 ant
2015 1953 2222 1987 condicionis

352 2010 460 2044 l'uerit.
484 2013 696 2056 impetentem
719 2005 770 2045 ant
795 2016 956 2058 impetere
978 2013 1147 2047 volentem
1170 2018 1201 2047 et
1221 2013 1412 2059 specialiter
1431 2024 1491 2059 per
1513 2013 1644 2046 modum
1667 2012 1896 2051 discussionis„
1927 2013 2013 2058 quod
2037 2013 2223 2059 vulgariter

350 2075 467 2116 ssutye
498 2071 628 2115 dieitur?
661 2075 823 2118 impetere
855 2073 1036 2117 volentem,
1062 2075 1140 2118 jure
1171 2079 1260 2108 terre
1288 2074 1442 2108 Moravie
1476 2073 1727 2119 secundumque
1767 2074 2042 2108 consuetudinem
2082 2073 2223 2108 fideliter

351 2130 551 2177 disbrigare,
583 2126 768 2179 tabulisque
799 2133 1015 2168 terrestribus
1046 2137 1077 2168 in
1107 2138 1212 2180 primo
1243 2136 1452 2169 dominorum
1483 2134 1623 2167 concilio
1653 2146 1711 2168 seu
1742 2134 1908 2180 colloquio
1938 2135 2090 2180 generali
2116 2135 2222 2170 dictos

350 2195 494 2237 quinque
525 2194 639 2227 laneos
669 2206 742 2228 cuin
773 2195 913 2240 quai-tali
943 2199 1105 2229 annotare
1135 2195 1397 2230 irrecusabiliter
1426 2198 1497 2228 sine
1528 2195 1615 2228 dolo.
1653 2194 1688 2228 Si
1719 2206 1801 2228 vero
1832 2198 1933 2229 certis
1962 2195 2222 2230 racionabilibus

350 2253 533 2298 prepedicti
554 2258 663 2289 causis
689 2255 717 2288 id
751 2255 863 2289 lacere
892 2257 1158 2301 neglexerimus
1189 2269 1231 2290 ex
1261 2262 1338 2290 tunc
1367 2259 1475 2290 statim
1507 2259 1537 2289 in
1568 2259 1720 2301 sequenti
1751 2261 1782 2289 et
1812 2260 1968 2302 proximo
1989 2256 2131 2292 concilio
2162 2268 2221 2292 seu

302 2334 309 2337 -
349 2313 516 2359 colloquio
547 2315 759 2350 dominorum
796 2317 902 2351 dirtos
941 2321 1086 2363 quinque
1125 2318 1240 2352 laneos
1269 2328 1342 2351 cum
1373 2316 1512 2362 qnartali
1543 2316 1703 2350 debemus
1733 2321 1764 2350 et
1793 2320 2013 2363 promittimus
2042 2317 2128 2352 bona
2158 2317 2221 2352 side

352 2378 381 2405 nt
421 2386 532 2420 supra,
569 2376 698 2422 prefate
738 2377 913 2411 domicello
953 2377 1042 2411 Jnttc
1081 2384 1111 2412 et
1143 2381 1346 2412 monasterio
1376 2389 1413 2410 ae
1452 2379 1632 2410 csmventni
1662 2378 1844 2411 seeundum
1884 2378 2160 2413 consuetudinem
2190 2383 2222 2413 et

350 2435 483 2469 modum
514 2440 603 2470 terre
633 2437 799 2478 Moravie„
830 2443 861 2472 ut
891 2439 1071 2485 prefertur,
1101 2439 1297 2482 iniabulare,
1328 2437 1564 2472 occasionibus
1595 2443 1625 2472 et
1656 2438 1983 2472 conti-adiecionibus
2021 2438 2222 2485 quibuslibet

349 2496 577 2539 prot-ulmeus.
635 2497 715 2531 Item
747 2502 968 2544 promittimus
998 2498 1082 2532 hona
1115 2499 1176 2533 lide
1198 2503 1291 2534 istam
1313 2510 1475 2533 suminam
1497 2498 1601 2532 berne
1627 2499 1764 2544 regahs,
1794 2511 1858 2545 que
1879 2503 2052 2533 concernit
2071 2499 2220 2546 prefatos

348 2558 492 2601 quinque
522 2557 650 2602 laneos,
681 2571 755 2593 cum
786 2550 925 2605 quartali
948 2571 991 2593 ex
1021 2572 1148 2594 summa
1179 2571 1238 2593 seu
1267 2563 1413 2605 registro
1443 2562 1595 2593 terrestri
1626 2559 1819 2603 extrahere,
1851 2563 1883 2594 in
1904 2559 1968 2594 hoc
1988 2563 2220 2595 consciencias

349 2621 481 2650 nostras
512 2629 576 2651 non
607 2619 818 2663 offendendo,
849 2625 881 2654 et
910 2624 970 2666 ipsi
1001 2632 1129 2654 summe
1158 2632 1217 2655 seu
1248 2623 1392 2665 registro
1422 2620 1587 2654 claustrali
1619 2625 1792 2654 annotare.
1825 2620 1860 2655 Si
1881 2631 1965 2655 vcro
1991 2621 2100 2667 aliquo
2122 2622 2220 2656 modo

348 2676 495 2720 predicta
527 2677 611 2712 bona
642 2692 715 2714 enm
747 2683 962 2726 pertinenciis
1005 2682 1199 2715 eorumdem
1231 2681 1385 2715 videlicet
1417 2684 1561 2726 quinque
1592 2681 1706 2715 laneos
1736 2693 1810 2715 cuin
1841 2681 1980 2727 quartali
2009 2684 2041 2715 in
2070 2682 2219 2728 predicta
