2313 3090
1219 184 1291 218 126

318 289 553 334 religiosorum
585 292 735 323 virorum
765 290 973 323 dominorum
1005 291 1154 333 magistri
1184 292 1215 321 et
1244 287 1486 321 cruciferorum
1516 287 1688 334 hospitalis
1718 290 1823 322 sancti
1850 286 2012 320 Johannis
2041 286 2186 321 Jeroso-

320 350 456 383 limitani
486 350 606 383 dudum
637 361 654 383 a
684 350 764 384 sede
794 350 974 396 apostolica
1005 349 1195 395 specialiter
1224 348 1411 394 deputatus,
1440 347 1690 382 honorabilibus
1719 352 1750 382 et
1771 348 1924 382 discretis
1944 350 2025 381 viris
2046 347 2187 381 dominis

319 413 350 442 in
379 409 605 456 Mezyrzyecz
636 414 665 444 et
704 413 737 444 in
766 410 862 444 Nova
902 411 1044 443 Civitate
1074 409 1293 443 ecclesiarum
1322 409 1472 455 plebanis
1502 414 1533 443 et
1562 409 1749 443 rectoribus
1779 408 2012 443 Olomucensis
2042 408 2186 442 diocesis

321 470 482 515 predicte,
513 475 566 503 aut
596 474 743 516 ipsorum
775 473 868 504 vices
903 469 1112 515 gerentibus7
1142 469 1362 514 omnibusque
1396 470 1467 504 aliis
1497 474 1530 503 et
1557 470 1696 515 singulis
1725 470 1945 504 ecclesiarum
1975 468 2126 514 plebanis
2155 473 2188 502 et

323 530 511 565 rectoribus
540 542 599 576 per
629 534 797 564 civitatem
827 536 858 564 et
888 531 1048 564 diocesim
1079 530 1338 564 Olomucensem
1369 531 1552 576 predictam
1581 530 1718 564 ubilibet
1745 534 1931 565 constitutis
1959 534 2015 564 aut
2038 533 2186 576 ipsorum

320 591 392 624 loca
423 591 622 626 tenentibus,
654 594 706 636 qui
736 590 946 636 presentibus
975 590 1104 624 fueritis
1133 594 1282 636 requisiti
1312 603 1371 625 seu
1400 591 1484 625 alter
1512 596 1661 625 vestrum
1690 591 1791 625 fuerit
1823 594 2014 636 requisitus,
2048 591 2188 624 salutem

320 655 351 685 in
382 652 515 685 domino
546 657 576 684 et
609 652 769 685 mandatis
803 654 926 685 nostris
955 654 1021 684 imo
1051 654 1165 685 verius
1194 652 1386 697 apostolicis
1415 651 1554 685 firmiter
1582 651 1731 686 obedire.
1761 651 1946 695 Noveritis‚
1976 662 2037 685 nos
2065 651 2187 684 dudum

319 715 491 758 recepisse
527 724 600 745 cum
640 724 678 745 ea
717 724 778 757 qua
821 712 930 745 decuit
967 715 1167 746 reverencia
1206 712 1318 745 literas
1353 712 1429 745 olim
1459 712 1565 746 felicis
1595 713 1844 746 recordacionis
1874 712 1997 746 domini
2025 710 2187 746 Johannis

318 784 403 818 pape
433 772 531 806 XXII
559 784 619 818 per
635 772 816 806 Henricum
847 777 1101 818 procuratorem
1131 777 1163 806 et
1183 775 1316 805 nomine
1333 775 1565 818 procuratorio
1586 776 1688 818 partis
1709 775 1854 816 actricis,
1876 772 2034 806 videlicet
2064 772 2187 805 domini

319 833 449 867 Nicolai
479 832 635 866 cruciferi
665 833 741 866 dicti
771 833 896 866 ordinis
927 844 965 866 ac
994 832 1127 878 plebani
1166 844 1225 867 seu
1262 836 1404 867 rectoris
1442 833 1615 879 hospitalis
1650 837 1756 867 sancti
1793 836 1927 879 spiritus
1970 836 2001 866 in
2039 832 2187 878 Antiqua

319 893 430 927 Bruna
462 894 548 927 dicte
566 893 800 927 Olomucensis
831 894 988 937 diocesis,
1018 905 1084 927 non
1114 905 1220 929 rasas.
1251 905 1316 927 non
1346 894 1559 937 cancellatas,
1589 905 1655 927 non
1683 897 1837 937 viciatas,
1858 894 1916 927 sed
1934 896 2022 927 omni
2049 903 2188 939 prorsus

319 957 407 988 vicio
437 959 466 987 et
498 957 688 1000 suspicione
718 959 884 997 carentes„
915 957 946 987 in
976 965 1058 987 vera
1098 954 1183 988 bulla
1224 954 1375 1000 plumbea
1407 959 1437 987 et
1468 958 1499 988 in
1529 965 1656 1000 canapo
1687 966 1780 988 more
1810 965 1949 987 romane
1978 957 2080 987 curie·
2099 964 2189 999 pen-

319 1015 448 1057 dentes.
478 1026 615 1059 quarum
647 1019 796 1048 tenorem
827 1019 964 1060 propter
992 1018 1139 1060 ipsarum
1160 1015 1386 1061 prolixitatem
1407 1015 1619 1061 presentibus
1639 1018 1741 1049 inseri
1762 1014 1969 1058 obmisimus‚
1990 1015 2048 1049 sed
2079 1019 2190 1048 tamen

319 1086 379 1121 pro
410 1078 542 1108 insertis
572 1075 698 1108 habere
728 1075 892 1109 volumus.
924 1075 965 1109 Et
994 1078 1069 1120 quia
1098 1075 1323 1122 predictarum
1354 1076 1523 1109 literarum
1554 1079 1675 1121 vigore
1705 1081 1736 1109 et
1761 1079 1884 1109 virtute
1918 1075 1959 1109 ad
1992 1078 2189 1109 instanciam

319 1137 468 1182 predicte
497 1139 599 1182 partis
637 1139 769 1169 actricis
799 1136 934 1169 discreti
971 1139 1036 1170 viri
1074 1136 1196 1170 domini
1236 1136 1405 1170 Bohdalus
1426 1139 1456 1169 in
1486 1136 1701 1170 theotonicali
1730 1135 1901 1181 Kynheyt,
1929 1135 2102 1170 Johannes
2130 1146 2191 1170 seu

319 1196 427 1229 Janlzo
467 1196 506 1229 de
544 1195 750 1230 Bohrowka.
787 1196 956 1230 Micliahel
992 1200 1024 1230 in
1062 1196 1243 1231 Bobrowia
1284 1197 1434 1230 inferiori
1472 1202 1504 1230 et
1542 1196 1710 1241 Georgius
1746 1200 1777 1230 in
1817 1196 1931 1230 Obecz
1969 1196 2188 1230 ecclesiarum

319 1256 451 1303 plebani
481 1261 511 1290 et
541 1261 693 1290 rectores
724 1257 810 1291 dicte
841 1257 1076 1291 Olomucensis
1106 1258 1250 1291 diocesis
1280 1258 1319 1290 ad
1350 1262 1382 1291 et
1411 1268 1511 1303 super
1540 1258 1721 1291 secundam
1751 1257 1867 1291 feriam
1898 1260 2084 1303 proximam
2115 1261 2189 1303 post

321 1318 518 1350 dominicam
553 1317 679 1362 „Quasi
714 1318 812 1351 modo
850 1318 978 1363 geniti«
1018 1321 1171 1364 proxime
1208 1318 1368 1364 elapsam,
1408 1329 1470 1363 que
1506 1317 1566 1351 fuit
1601 1321 1726 1351 mensis
1763 1317 1891 1364 Aprilis
1921 1318 1991 1352 dies
2019 1317 2127 1361 XIIII,
2157 1321 2188 1351 in

319 1381 423 1412 nostri
452 1382 660 1423 presenciam
693 1379 839 1423 legitime
870 1383 901 1412 et
929 1382 1155 1425 peremptorie
1185 1382 1273 1412 citati
1303 1378 1445 1423 fuerant5
1475 1382 1507 1413 in
1537 1391 1601 1424 quo
1632 1382 1737 1413 eciam
1758 1379 1908 1425 predicto
1930 1381 2071 1412 termino
2094 1377 2191 1412 ambe

320 1443 431 1484 partes
475 1439 623 1484 predicte
662 1450 775 1472 coram
812 1439 908 1473 nobis
946 1439 1169 1485 personaliter
1203 1440 1454 1485 comparebant,
1490 1440 1738 1485 Henricusque'
1760 1443 1959 1486 procurator
1995 1443 2026 1472 et
2055 1441 2189 1473 nomine

320 1502 552 1544 procuratorio
591 1502 723 1533 actricis
761 1503 862 1546 partis
900 1500 939 1534 ad
976 1499 1247 1534 satisfaciendum
1291 1504 1432 1535 termino
1471 1500 1664 1546 libellumss)
1710 1503 1740 1534 in
1779 1503 1910 1546 scriptis
1946 1504 2062 1534 contra
2101 1503 2190 1546 ipsas

328 1564 442 1606 partes
476 1560 678 1603 judicialiter
717 1565 747 1593 et
786 1565 857 1594 acta
895 1565 1008 1594 nostra
1047 1560 1159 1594 obtulit
1199 1562 1437 1607 presentandQ
1477 1574 1573 1608 quem
1620 1561 1764 1596 libellum
1802 1561 1987 1607 predictum
2025 1564 2097 1607 ipse
2132 1572 2190 1594 ree

320 1625 432 1666 partes
484 1632 596 1653 coram
648 1620 744 1654 nobis
795 1621 938 1655 oblatum
988 1622 1178 1668 spernendo
1230 1625 1383 1668 recipere
1430 1628 1462 1656 et
1499 1625 1559 1668 ipsi
1599 1622 1817 1668 respondere,
1855 1626 1952 1667 prout
1981 1624 2119 1667 requirit
2160 1626 2191 1655 et

321 1681 509 1727 expostulat
554 1683 638 1725 juris
686 1681 779 1716 ordo.
828 1685 956 1728 penitus
1012 1687 1287 1729 contempnentes
1335 1684 1498 1728 quandam
1556 1686 1725 1729 papiream
1782 1687 1907 1717 cartam
1955 1683 2192 1729 appellacionis

321 1746 437 1775 contra
467 1746 613 1775 nostram
640 1743 927 1786 jurisdiccionem.
958 1746 1060 1789 ipsam
1093 1743 1132 1776 de
1162 1744 1250 1777 facto
1281 1744 1489 1778 declinando.
1520 1747 1551 1777 in
1581 1747 1713 1790 scriptis
1743 1743 1938 1787 offerebant,
1962 1748 2077 1778 contra
2099 1746 2191 1777 cuius

322 1802 439 1835 cedule
468 1807 618 1835 tenorem
650 1802 798 1848 predicte
827 1806 928 1848 partis
958 1806 1090 1837 actricis
1111 1809 1310 1850 procurator
1339 1807 1514 1838 terminum
1536 1808 1652 1850 petivit
1681 1805 1719 1838 ad
1743 1805 1916 1838 dicendum
1943 1809 2070 1847 contra,
2088 1804 2190 1838 vide-

320 1863 396 1896 licet
426 1862 606 1896 secundam
624 1863 739 1896 feriam
762 1867 946 1908 proximam
978 1868 1050 1909 post
1080 1864 1278 1898 dominicam
1312 1865 1567 1909 „Misericordia
1597 1865 1758 1908 domini“‚
1788 1877 1852 1910 que
1882 1864 1937 1899 fuit
1968 1869 2000 1899 et
2020 1869 2070 1899 est
2090 1867 2191 1899 vice-

322 1926 403 1957 sima
435 1926 539 1969 prima
571 1923 641 1957 dies
672 1927 795 1957 mensis
826 1925 961 1969 Aprilis.
993 1923 1067 1966 Quo
1097 1926 1247 1971 predicto
1277 1929 1418 1959 termino
1448 1925 1508 1960 sibi
1539 1930 1570 1959 et
1599 1926 1756 1972 predictis
1785 1929 1852 1959 reis
1881 1937 1942 1972 per
1961 1936 2023 1960 nos
2043 1925 2190 1971 legitime

322 1984 459 2017 decreto
480 1989 510 2018 et
532 1984 744 2018 adveniente.
767 1985 850 2018 idem
873 1991 1072 2030 procurator
1092 1990 1124 2019 et
1144 1990 1278 2019 nomine
1307 1989 1538 2032 procuratorio
1555 1990 1657 2033 partis
1678 1989 1810 2020 actricis
1830 1987 1978 2032 legitime
1994 1989 2191 2020 constitutus

322 2047 496 2090 conparuit
534 2044 615 2078 hora
646 2056 863 2090 vesperorum
903 2049 932 2078 in
974 2046 1060 2079 dicto
1099 2051 1213 2080 nostro
1253 2051 1455 2081 monasterio
1495 2052 1524 2081 et
1565 2050 1706 2081 termino
1745 2050 1823 2093 ipsis
1854 2046 1995 2093 prolixo,
2026 2047 2191 2092 quandam

323 2109 447 2138 cartam
494 2108 664 2150 papiream
714 2108 929 2151 exeepcionis
979 2110 1008 2139 in
1047 2118 1083 2139 se
1113 2111 1238 2141 tenoris
1277 2106 1351 2155 (sic)
1391 2113 1504 2142 contra
1536 2113 1566 2141 et
1597 2108 1761 2141 advrmsus
1790 2111 1935 2153 ipsorum
1966 2107 2190 2153 predictorum

323 2170 450 2210 partem
481 2170 511 2198 ct
542 2165 691 2198 cedulam
710 2168 740 2199 in
770 2169 902 2211 seriptis
932 2166 1027 2201 nobis
1058 2179 1117 2213 pro
1148 2168 1299 2201 tribunali
1330 2169 1478 2202 sedendo
1508 2168 1622 2202 obtulit
1651 2173 1681 2201 et
1711 2167 1842 2214 publice
1872 2168 1963 2213 legit,
1994 2170 2131 2201 racione
2161 2172 2192 2201 et

324 2237 423 2258 eausa
455 2228 548 2258 cuius
579 2226 655 2259 licet
676 2226 796 2259 dudum
829 2229 913 2260 inter
943 2228 1109 2272 predictas
1139 2234 1251 2273 partes
1281 2234 1311 2262 et
1342 2229 1423 2262 alias
1453 2240 1615 2274 personas
1645 2240 1705 2262 nos
1742 2228 1862 2262 dudum
1899 2228 2119 2262 sufficientem
2160 2232 2193 2261 et

318 2286 464 2328 judicem
495 2291 739 2332 competentem
771 2291 1064 2333 prominciavimus
1095 2290 1166 2323 fore
1197 2295 1227 2323 et
1257 2301 1345 2325 esse.
1375 2294 1484 2322 tamen
1515 2292 1633 2323 iterum
1655 2301 1697 2322 ex
1719 2288 2023 2334 superhabundanti
2043 2291 2190 2333 ipsorum

324 2351 531 2380 contumacia
562 2359 627 2380 non
657 2347 810 2381 obstante
840 2360 900 2382 uos
926 2350 1071 2393 judicem
1103 2350 1322 2384 sufficientem
1353 2361 1428 2383 esse
1459 2353 1543 2383 inter
1573 2350 1738 2396 predictas
1768 2354 1879 2395 partes
1917 2349 1958 2383 de
1991 2350 2068 2393 jure
2106 2359 2191 2395 pro-

324 2410 529 2441 nunciamus.
562 2413 655 2453 prout
686 2412 716 2441 in
747 2412 828 2442 actis
857 2413 979 2443 nostris
1010 2410 1146 2444 lucidius
1176 2414 1374 2444 continetur.
1431 2410 1470 2443 Et
1501 2413 1574 2455 quia
1605 2410 1753 2456 predicte
1783 2421 1841 2443 ree
1870 2414 1981 2455 partes
2010 2411 2042 2442 in
2062 2408 2192 2455 prelixo

326 2469 403 2510 ipsis·
434 2471 573 2500 termino
604 2480 802 2514 comparere
833 2472 966 2502 minime
996 2476 1209 2506 curaverunt.
1240 2472 1297 2505 sed
1329 2474 1570 2505 contumaciter
1599 2476 1763 2515 tamquam
1796 2469 1938 2504 rebelles
1968 2474 1999 2503 ct
2028 2469 2082 2503 sitii
2112 2473 2191 2503 ino-

327 2526 497 2560 bedientes
536 2532 676 2561 termino
715 2530 864 2574 predicto
904 2542 965 2563 nec
1004 2542 1062 2576 per
1100 2543 1136 2565 se
1167 2537 1218 2565 aut
1251 2536 1396 2578 ipsorum
1428 2532 1609 2577 legitimum
1640 2535 1893 2577 procuratorem
1923 2533 2058 2564 minime
2087 2533 2192 2564 satis-

483 2654 514 2694 ἐξ)
544 2658 676 2683 l’ssshsslcll
704 2660 797 2684 wurdt*
823 2659 873 2685 (las
900 2660 1002 2684 Datum
1029 2660 1077 2686 (les
1103 2661 1211 2687 Lilwlls
1238 2662 1276 2695 (ii.
1305 2663 1378 2696 13⁸3)
1404 2666 1562 2695 augescat,
