2313 3090
1207 179 1253 211 96

297 284 517 329 subiungebat
555 285 610 318 lite
646 284 832 317 huiusmodi
869 287 915 318 sic
954 295 1066 317 coram
1104 283 1222 317 eodem
1262 281 1416 315 Jolianne
1454 282 1604 315 auditore
1642 285 1728 315 inter
1764 286 1876 327 partes
1906 283 1993 326 ipsas
2023 280 2160 314 indicisa

296 346 462 391 pendente
491 345 576 378 idem
606 344 790 379 Johannes.
821 348 874 389 qui
905 348 1009 378 eciam
1039 344 1209 377 literarum
1240 343 1496 388 apostolicarum
1527 342 1743 376 abbreviator
1772 344 1895 384 existit,
1925 341 1970 374 liti
1999 345 2031 374 et
2059 351 2160 374 cause

296 406 484 439 huiusmodi
514 417 551 438 ac
581 408 669 438 omni
698 407 760 438 iuri
790 404 851 438 sibi
877 408 907 438 in
929 405 1023 438 dictis
1044 407 1241 437 canonicatu
1263 408 1293 437 et
1314 403 1483 449 prebenda
1514 414 1573 436 seu
1593 403 1633 436 ad
1654 402 1727 436 illos
1748 400 1997 447 quomodolibet
2017 411 2160 446 compe-

297 469 375 499 tenti
414 470 508 499 extra
546 476 716 499 romanam
756 469 880 498 curiam
921 476 1033 498 eoram
1073 463 1266 509 quibusdam
1306 466 1437 497 notario
1474 463 1605 509 publico
1635 467 1666 496 et
1695 462 1833 497 testibus
1862 466 1979 508 sponte
2008 465 2159 503 cesserit.

297 538 357 560 nos
387 529 440 571 qui
471 526 589 559 eodem
619 526 874 571 predecessore.
906 528 989 558 sicut
1007 525 1140 558 domino
1161 524 1293 570 placuit.
1324 527 1391 557 vita
1414 523 1526 557 functo
1548 523 1669 556 fuimus
1690 523 1800 556 divina
1821 522 1957 556 favente
1978 521 2159 556 clemencia

299 588 336 620 ad
368 590 494 632 apicem
526 589 643 619 summi
673 587 877 631 apostolatus
907 589 1078 631 assumpti.
1109 588 1296 619 cessionem
1314 584 1497 630 predictam
1527 588 1631 617 ratam
1662 587 1693 617 et
1722 587 1851 628 gratam
1880 594 2012 616 necnon
2041 587 2159 616 statum

299 658 399 680 cause
429 646 616 680 huiusmodi
647 658 706 692 pro
737 657 900 692 expresso
929 645 1141 691 presentibus
1170 645 1333 679 habentes
1362 657 1400 679 ac
1431 646 1537 679 eidem
1561 643 1726 687 SanderQ
1755 655 1797 677 ne
1817 655 1925 677 novus
1946 643 2160 677 adversarius

298 707 360 740 sibi
398 710 429 740 in
468 718 568 741 causa
606 706 791 740 huiusmodi
831 710 1039 751 surrogetur.
1079 706 1260 751 providere
1298 705 1438 751 sibique„
1477 717 1537 751 pro
1576 717 1640 751 quo
1679 707 1784 739 eciam
1822 703 2026 738 venerabilis
2060 702 2163 736 frater

297 772 413 801 noster
441 767 599 801 Nicolaus
636 770 812 813 episeopus
844 766 1078 801 Oloinucensis
1107 766 1202 800 nobis
1231 778 1333 812 super
1362 766 1425 800 hoc
1454 766 1622 800 humiliter
1650 765 1859 812 supplicavit„
1899 764 2017 798 horum
2047 766 2163 797 intuitu

299 828 478 874 specialem
508 831 656 873 graciam
688 828 801 861 facere
831 828 997 861 volentes.
1028 827 1228 861 discrecioni
1258 832 1311 861 tue
1341 839 1401 873 per
1428 828 1609 873 apostolica
1630 829 1752 872 scripta
1774 825 1982 867 mandamus,
2012 826 2163 869 quatinus

300 889 440 922 eundem
478 888 677 922 Sanderum.
717 888 894 922 dummodo
931 891 961 921 in
1001 891 1079 933 ipsis
1109 891 1305 922 canonicatu
1336 894 1366 922 et
1397 888 1566 934 prebenda
1595 899 1661 922 non
1690 887 1789 921 fuerit
1817 890 1976 928 intrusus,
2014 888 2045 918 in
2075 886 2163 918 omni

299 952 370 982 iure
407 954 439 982 et
474 949 513 982 ad
544 960 641 982 omne
671 952 731 982 ius.
770 949 855 993 quod
887 949 993 982 eidem
1023 948 1167 983 Johanni
1197 954 1348 995 tempore
1379 952 1541 984 cessionis
1571 949 1720 994 predicte
1749 950 1781 981 in
1811 946 1936 980 eisdem
1966 947 2163 979 canonicatu

300 1014 331 1043 et
360 1009 542 1055 prebenda.
573 1020 711 1054 quorum
743 1009 870 1042 fructus
898 1009 1046 1043 redditus
1076 1015 1107 1043 et
1136 1015 1321 1055 proventus
1351 1013 1483 1055 triginta
1505 1009 1716 1043 marcharum
1747 1009 1877 1053 argenti
1892 1009 1965 1053 puri
1981 1006 2162 1040 secundum

300 1081 509 1103 communem
541 1073 797 1103 extimacionem
828 1070 979 1103 valorem
1003 1081 1160 1107 annuum.
1191 1075 1222 1103 ut
1240 1074 1412 1113 asseritur„
1442 1082 1509 1104 non
1526 1070 1704 1111 excedunt.
1735 1079 1794 1102 seu
1811 1068 1849 1101 ad
1877 1077 1951 1100 eum
1972 1065 2164 1112 quomodo-

299 1131 377 1164 libet
407 1133 581 1176 compeciit
612 1135 666 1163 aut
695 1135 888 1175 competere
917 1134 1034 1176 potuit.
1079 1134 1275 1164 auctoritate
1304 1136 1418 1165 nostra
1453 1141 1625 1174 surrogas„
1669 1129 1859 1174 dictumque
1898 1131 1948 1161 ius
1987 1127 2049 1162 sibi
2078 1136 2166 1160 con-

300 1191 390 1225 feras
420 1195 452 1224 et
480 1191 659 1236 provideas
689 1194 795 1224 eciam
826 1191 866 1224 de
895 1191 949 1224 illo
979 1202 1017 1225 ac
1046 1191 1152 1225 facias
1181 1195 1286 1238 ipsum
1317 1192 1372 1226 vel
1401 1196 1655 1238 procuratorem
1685 1201 1779 1224 suum
1809 1201 1869 1235 pro
1899 1200 1940 1223 eo
1969 1188 2009 1222 ad
2044 1187 2166 1221 huius—

300 1251 389 1285 modi
418 1254 467 1284 ius
497 1263 535 1284 ac
565 1254 635 1284 eius
665 1254 942 1296 proseeucionem
973 1257 1003 1285 et
1034 1252 1264 1286 defensionem
1295 1256 1326 1286 in
1357 1264 1397 1286 eo
1427 1257 1524 1291 statu„
1554 1255 1586 1285 in
1616 1262 1680 1296 quo
1709 1251 1796 1285 idem
1827 1249 1998 1284 Johannes
2015 1252 2165 1294 tempore

302 1313 387 1345 dicte
418 1315 580 1346 cessionis
610 1311 786 1347 existebat.
817 1317 846 1345 et
876 1315 903 1346 si
932 1316 1120 1347 cessionem
1151 1324 1217 1347 non
1247 1313 1383 1347 fecisset
1411 1312 1564 1351 eandemq
1608 1316 1723 1358 posset
1752 1316 1784 1344 et
1813 1310 1952 1344 deberet
1980 1309 2105 1343 admitti
2135 1312 2165 1342 et

300 1373 533 1406 nichilominus
562 1372 699 1406 eosdem
729 1376 959 1406 canonicatum
989 1379 1021 1407 et
1049 1374 1253 1420 prehendam
1282 1377 1355 1409 sive
1384 1385 1445 1419 per
1465 1373 1653 1407 huiusmodi
1677 1372 1800 1406 obitum
1822 1372 1961 1418 predicti
1982 1370 2166 1413 Frederici‚

301 1438 335 1467 ut
370 1433 547 1479 prefertur.
587 1436 660 1466 sive
689 1433 769 1467 alias
799 1436 918 1478 quovis
948 1435 1046 1468 modo
1076 1439 1130 1468 aut
1159 1446 1203 1468 ex
1232 1435 1367 1469 alterius
1397 1438 1623 1480 cuiuscunque
1652 1444 1796 1479 persona
1826 1436 1960 1474 vacent„
2004 1433 2109 1465 eciam
2139 1432 2168 1464 si

301 1499 391 1527 tanto
430 1499 580 1539 tempore
609 1497 819 1528 vacaverint.
858 1495 944 1539 quod
975 1506 1089 1528 eorum
1120 1496 1259 1529 collacio
1289 1499 1380 1530 iuxta
1408 1495 1643 1529 Lateranensis
1672 1499 1791 1528 statuta
1821 1493 1952 1527 concilii
1982 1491 2021 1525 ad
2051 1491 2166 1525 sedem

302 1555 483 1600 predictam
527 1555 673 1599 legitime
717 1555 884 1597 devoluta,
928 1567 986 1589 seu
1031 1559 1246 1590 canonicatus
1285 1561 1315 1590 et
1361 1555 1529 1602 prebenda
1568 1556 1706 1601 predicti
1741 1555 1955 1600 disposicioni
1985 1551 2167 1599 apostolice

302 1615 492 1661 specialiter
529 1618 693 1649 reservati
733 1618 877 1649 existant
915 1620 947 1649 et
976 1619 1081 1650 eciam
1111 1620 1138 1650 si
1167 1617 1336 1663 predictus
1367 1617 1568 1651 Fredericus
1597 1616 1686 1650 sedis
1716 1615 1864 1661 predicte
1893 1614 2083 1660 capellanus
2111 1612 2166 1647 vel

302 1675 383 1708 alias
413 1675 562 1708 officiatis
592 1680 646 1708 aut
675 1676 836 1709 collector
865 1688 923 1709 seu
953 1677 1176 1711 succollector
1202 1678 1367 1712 fructuum
1397 1682 1427 1712 et
1457 1681 1678 1723 proventuum
1710 1687 1844 1710 camere
1864 1674 2048 1721 apostolice
2068 1672 2168 1707 debi—

303 1741 411 1769 torum
441 1736 550 1769 fuerit.
581 1735 759 1770 dummodo
789 1741 940 1782 tempore
970 1738 1044 1771 data
1075 1742 1286 1784 presencium
1316 1750 1382 1773 non
1412 1741 1453 1772 sit
1478 1741 1508 1771 in
1529 1741 1578 1772 eis
1594 1737 1690 1771 alicui
1711 1737 1901 1783 specialiter
1920 1739 1969 1770 ius
1990 1737 2166 1781 quesitum,

303 1808 377 1830 cum
407 1796 608 1841 plenitudine
637 1799 717 1830 iuris
747 1800 898 1830 canonici
928 1809 967 1831 ac
996 1798 1149 1832 omnibus
1178 1799 1303 1833 iuribus
1333 1804 1365 1833 et
1393 1801 1608 1845 pertinenciis
1637 1800 1705 1832 suis
1735 1797 1842 1831 eidem
1868 1795 2022 1830 Sandero
2046 1799 2168 1829 aucto—

303 1860 400 1891 ritate
438 1861 551 1890 nostra
589 1856 745 1891 conferas
784 1862 816 1891 et
844 1861 1009 1903 assignes
1052 1860 1213 1893 inducens
1242 1872 1302 1906 per
1331 1872 1367 1894 sc
1396 1859 1451 1894 vel
1480 1859 1578 1892 alium
1609 1870 1668 1893 seu
1697 1858 1780 1891 alios
1809 1858 1950 1891 eundem
1981 1856 2167 1890 Sanderum

303 1918 357 1952 vel
394 1922 645 1963 procuratorem
685 1929 778 1951 suum
820 1921 890 1952 eius
925 1922 1058 1953 nomine
1095 1923 1126 1953 in
1164 1921 1375 1966 corporalem
1413 1923 1661 1966 possessionem
1692 1921 1907 1952 canonicatus
1936 1922 1968 1951 et
1996 1916 2166 1963 prebende

304 1981 489 2023 iuriumque
519 1983 548 2010 et
580 1982 860 2023 pertinenciarum
892 1981 1128 2025 predictorum,
1159 1982 1276 2015 eadem
1306 1984 1502 2015 auctoritate
1533 1985 1565 2014 et
1594 1980 1779 2014 defendens
1816 1979 1982 2013 inductum
2022 1981 2167 2011 ammoto

305 2040 427 2073 exinde
465 2039 610 2084 quolibet
648 2039 759 2073 illicito
798 2040 981 2081 detentore,
1012 2053 1052 2075 ac
1081 2042 1207 2076 faciens
1237 2045 1342 2088 ipsum
1373 2041 1561 2075 Sanderum
1590 2041 1644 2075 vel
1674 2041 1795 2074 dictum
1824 2043 2078 2086 procuratorem
2108 2049 2167 2084 pro

306 2111 346 2133 eo
383 2100 422 2133 ad
449 2100 588 2133 eandem
625 2100 828 2144 prebendam
866 2104 895 2134 in
930 2105 999 2147 ipsa
1038 2103 1181 2137 eeclesia
1212 2102 1426 2137 Olomucensi
1466 2105 1496 2135 in
1535 2104 1731 2135 canonicum
1762 2102 1865 2145 recipi
1895 2105 1925 2134 et
1957 2103 1987 2134 in
2017 2099 2168 2142 frati-em,

305 2160 400 2194 stallo
429 2159 490 2193 sibi
520 2163 550 2193 in
581 2160 684 2193 choro
714 2166 743 2194 et
775 2161 848 2194 loeo
878 2166 908 2195 in
939 2163 1082 2208 capitulo
1112 2166 1215 2209 ipsius
1245 2164 1388 2197 ecclesie
1418 2175 1490 2196 cum
1522 2163 1598 2196 dicti
1632 2165 1713 2196 iuris
1752 2161 1954 2206 plenitudine
1991 2163 2168 2205 assignatis

305 2221 433 2266 sibique
462 2221 502 2254 de
532 2224 677 2265 ipsorum
714 2225 929 2256 canonicatus
968 2228 997 2257 et
1037 2224 1207 2269 prebende
1237 2224 1396 2258 fructibus
1426 2223 1607 2257 redditibus
1636 2222 1853 2269 proventibus
1882 2220 2007 2255 iuribus
2037 2225 2067 2255 et
2102 2220 2168 2254 ob—

306 2281 525 2315 wncionibus
564 2285 730 2315 universis
767 2286 898 2324 integre
936 2284 1145 2330 responderi.
1185 2286 1451 2319 contradictores
1486 2287 1683 2318 auctoritate
1720 2283 1949 2328 appellacione
1986 2284 2168 2328 postposita

307 2342 564 2387 compescendo.
596 2342 669 2375 Non
692 2343 897 2377 obstantibus
918 2345 1169 2391 quibuscunque
1191 2349 1320 2379 statutis
1341 2350 1371 2379 et
1393 2344 1685 2379 consuetudinibus
1706 2345 1808 2389 ipsius
1829 2343 1973 2377 ecclesie
1994 2344 2169 2376 contrariis

307 2406 505 2437 iuramentO.
536 2403 794 2437 confirmacione
824 2406 1005 2450 apostolica
1036 2407 1089 2440 vel
1120 2418 1317 2451 quacunque
1348 2405 1500 2439 firmitate
1530 2404 1793 2445 aliaroboratis3
1824 2408 1878 2437 aut
1906 2406 1932 2437 si
1962 2402 2061 2448 aliqui
2081 2412 2169 2448 apo-

306 2464 421 2496 stoliea
452 2463 507 2496 vel
537 2463 598 2496 alia
629 2467 746 2508 quavis
776 2469 972 2498 anctoritate
1002 2469 1032 2499 in
1064 2467 1181 2499 eadem
1212 2467 1355 2500 ecclesia
1388 2469 1417 2499 in
1448 2468 1628 2499 canonicos
1657 2467 1718 2499 sint
1749 2467 1875 2510 recepti
1904 2464 1972 2501 vel„
2001 2467 2035 2497 ut
2076 2465 2169 2496 reci-

308 2526 449 2568 piantur.
481 2526 641 2556 insistant.
673 2535 729 2556 seii
761 2528 784 2557 si
816 2537 916 2570 super
945 2526 1192 2571 provisionibus
1222 2527 1282 2560 sibi
1313 2527 1474 2560 faciendis
1504 2527 1544 2558 de
1573 2525 1823 2559 canonicatibus
1853 2529 1885 2557 et
1922 2523 2100 2570 prebendis
2138 2525 2168 2556 in

310 2587 379 2628 ipsa
411 2584 552 2617 ecclesia
583 2585 745 2629 speciales
777 2586 828 2617 vet
860 2587 930 2619 aliis
961 2586 1131 2621 beneficiis
1161 2588 1398 2622 ecclesiasticis
1429 2590 1458 2621 in
1490 2587 1550 2621 illis
1581 2586 1727 2632 partibus
1756 2585 1934 2629 generales
1963 2584 2048 2618 dicte
2081 2583 2170 2618 sedis

310 2645 364 2677 vel
405 2645 588 2684 togatorum
620 2648 689 2678 eius
725 2646 835 2679 literas
868 2650 1083 2692 impetrarint.
1121 2651 1225 2681 eciam
1257 2652 1281 2682 si
1312 2659 1371 2694 per
1401 2660 1457 2681 eas
1487 2648 1525 2681 ad
1557 2647 1803 2680 inliibicionein.
1834 2647 2107 2679 reservat-ionem
2138 2648 2169 2677 et
