2313 3090
1263 173 1311 206 58

357 279 622 314 distraherentur
657 285 686 313 et
723 280 839 325 prefati
877 283 978 312 nostri
1010 278 1235 315 fideiussores,
1272 277 1416 311 heredes
1445 283 1499 312 aut
1528 289 1747 313 successores
1776 281 1921 324 ipsorum
1953 279 1994 312 ob
2023 290 2088 313 non
2118 279 2216 313 solu-

356 343 485 374 cionem
529 341 670 373 dotalicii
714 344 826 373 moniti
871 340 1001 372 suerint.
1042 350 1083 371 ex
1128 342 1204 370 tunc
1243 338 1444 382 spondemus
1487 341 1558 371 sine
1601 339 1676 372 dolo
1706 339 1746 372 de
1776 343 1991 384 possessione
2029 344 2216 373 castrorum

356 400 593 445 predictorum.
632 412 695 445 que
733 404 811 445 ipsis
855 402 1033 431 occasione
1070 400 1219 443 pignoris
1257 397 1492 442 obligavimus,
1534 410 1598 433 non
1637 399 1782 433 educere
1820 411 1883 433 nec
1920 403 2068 446 privare,
2111 399 2218 433 donec

357 460 573 494 absolvantur
611 466 639 493 et
681 460 861 493 liberentur
899 471 914 491 a
947 458 1159 492 fideiussione
1189 461 1219 490 et
1249 457 1289 490 de
1318 458 1471 492 omnibus
1501 459 1663 505 dampnis,
1693 463 1719 494 si
1749 472 1812 505 que
1842 459 1964 494 exinde
1992 462 2217 506 perceperint,

358 521 453 566 plene
493 525 521 553 et
562 521 768 564 integraliter
804 520 922 553 fuerint
964 519 1120 564 expediti.
1178 517 1392 552 Presencium
1431 519 1490 552 sub
1534 524 1648 554 nostro
1691 531 1838 566 appenso
1877 521 1985 565 sigillo
2028 523 2218 555 testimonio

358 581 537 614 literarum.
595 581 712 613 Datum
752 580 883 613 Posonii
922 590 1008 612 anno
1047 579 1169 612 domini
1206 578 1380 612 millesimo
1419 583 1655 614 trecentesimo
1685 583 1905 625 nonagesimo
1935 581 2094 616 secundo.
2135 580 2217 614 feria

357 641 501 674 secunda
532 643 681 685 proxima
712 644 786 673 ante
815 639 988 673 Antlionii.

683 745 760 775 orig.
787 745 836 768 init
861 744 1016 770 kleiuerem
1041 745 1100 778 Sig,
1126 745 1161 769 im
1187 745 1280 771 furstl.
1299 746 1645 780 Seliwarzenbergischen
1664 746 1771 771 Archiv
1790 755 1824 771 zu
1844 746 2014 780 Wittiugen.
2039 746 2077 771 M.
2103 755 2130 771 n.
2155 746 2218 781 27.)

1254 960 1326 995 70.

357 1034 521 1067 Heinrich
559 1046 623 1067 ron
656 1035 818 1068 Neulmus
854 1035 1006 1080 bestistet
1043 1037 1106 1070 den
1136 1048 1201 1070 ‘ron
1235 1037 1301 1070 ihm
1332 1040 1365 1071 i'n
1395 1039 1455 1072 der
1485 1038 1710 1083 Pfarrlcirclee
1740 1050 1780 1071 zu
1810 1037 1976 1082 Zlabiuqs
2005 1037 2213 1071 erricleteten

467 1096 571 1129 Altar
600 1097 661 1129 der
689 1096 743 1129 lale..
776 1096 904 1137 Maria,
937 1097 1135 1131 lsatlearina
1165 1099 1233 1131 unct
1262 1098 1440 1132 Barbara.
1475 1098 1531 1132 Dc.
1566 1099 1701 1132 Teltselt
1729 1099 1765 1132 (ἰ.
1796 1098 1955 1132 Februar
1985 1098 2096 1132 1392.

514 1171 557 1224 'n
587 1195 720 1225 nomine
750 1192 871 1226 domini
893 1205 1000 1227 amen.
1031 1193 1101 1228 Nos
1122 1194 1286 1228 Henricus
1307 1195 1347 1228 (le
1369 1194 1567 1229 Novadomo
1587 1195 1844 1229 notumfacimus
1866 1200 1983 1229 tenore
2008 1196 2218 1240 presencium

357 1254 523 1284 universis
553 1251 683 1297 publice
713 1257 777 1286 tam
808 1254 1019 1299 presentibus
1049 1266 1146 1300 quam
1178 1255 1331 1288 l'uturis.'
1364 1256 1458 1297 Quod
1489 1267 1550 1289 nos
1579 1267 1660 1289 sano
1691 1267 1834 1301 corpore
1863 1255 1949 1290 bona
1979 1254 2220 1289 deliberatione

357 1316 552 1356 maturoque
590 1313 729 1347 consilio
766 1317 948 1348 amicorum
988 1326 1139 1349 meorum
1169 1315 1279 1349 villam
1311 1327 1417 1349 meam
1448 1316 1691 1359 Herzmancze,
1722 1327 1819 1361 quam
1849 1316 2010 1350 hactenus
2045 1315 2220 1349 habuimus

357 1377 388 1405 et
417 1372 637 1417 possedimusq
677 1385 750 1407 cum
794 1374 946 1409 omnibus
976 1375 1179 1413 utilitatibus
1209 1377 1336 1410 scilicet
1365 1388 1439 1410 cum
1469 1377 1625 1411 censibus
1654 1382 1687 1410 et
1715 1376 1909 1420 redditibus,
1943 1379 2034 1422 agris
2064 1376 2159 1410 cult-is
2189 1380 2221 1409 et

356 1433 498 1470 incultis„
537 1433 641 1470 silvis
681 1437 826 1479 pisciniS.
865 1438 979 1481 pratis.
1018 1440 1161 1482 pascuisq
1193 1437 1357 1471 montibus
1387 1443 1419 1471 et
1448 1437 1601 1481 vallibus,
1645 1441 1738 1483 aquis
1767 1448 1994 1483 aquarumque
2024 1435 2220 1470 decursibus

356 1498 388 1526 et
416 1493 552 1530 rubetis
583 1495 744 1537 emendis,
775 1496 913 1539 robotis,
944 1496 1158 1531 honoranciis
1182 1498 1407 1541 judicialibus,
1437 1498 1655 1541 libertatibus„
1687 1497 1906 1544 proventibus
1936 1502 1968 1531 et
1991 1499 2219 1544 pertinenciis,

356 1559 451 1599 prout
481 1555 540 1587 soli
571 1558 734 1589 tenuimus
764 1560 846 1590 intra
876 1562 908 1590 et
938 1563 1032 1591 extra
1063 1558 1174 1591 villam
1197 1559 1337 1592 eandem
1359 1561 1538 1601 universis,
1568 1570 1628 1604 pro
1649 1561 1795 1604 peccatis
1817 1562 1900 1593 meis
1921 1563 1953 1592 et
1972 1560 2081 1591 anime
2105 1561 2219 1591 nostre

356 1614 461 1647 salute
490 1626 528 1647 ac
558 1619 662 1648 eciam
694 1628 752 1661 pro
770 1617 941 1651 animabus
971 1617 1128 1655 Com-adi,
1159 1619 1235 1652 olim
1266 1622 1349 1652 civis
1380 1622 1410 1653 in
1432 1619 1602 1664 Slewings
1624 1624 1655 1653 et
1675 1620 1820 1663 Agnetis
1841 1622 1956 1653 uxoris
1976 1629 2035 1653 sue
2059 1618 2220 1651 donamus

357 1680 389 1707 et
426 1675 576 1715 leg-annis
615 1688 654 1709 ac
693 1678 901 1722 presentibus
931 1679 1232 1713 condescendimus
1261 1684 1293 1713 et
1321 1679 1427 1713 libere
1456 1682 1666 1724 assignamus
1697 1680 1817 1713 idoneo
1847 1683 1921 1714 viro
1951 1678 2090 1727 Andree
2118 1688 2221 1724 pres-

358 1735 462 1768 bitero
492 1735 532 1768 de
563 1736 745 1780 Slewings.
777 1738 1009 1773 (llomucensis
1030 1740 1186 1783 diocesis,
1208 1740 1355 1774 altariste
1376 1741 1489 1775 altaris
1518 1744 1550 1774 in
1571 1740 1700 1774 honore
1721 1743 1957 1786 concepcionis
1977 1744 2093 1774 sancte
2112 1738 2221 1773 Marie

357 1799 497 1840 virginis
536 1808 574 1829 ac
613 1797 781 1831 beatarum
820 1799 999 1833 Catbarine
1038 1804 1069 1833 et
1106 1799 1257 1834 Barbare
1295 1803 1461 1845 virginum
1497 1803 1528 1834 in
1568 1801 1711 1835 ecclesia
1750 1800 1949 1846 parrochiali
1988 1803 2019 1834 in
2049 1799 2220 1844 Slewings

359 1857 503 1901 predicta
543 1869 602 1902 per
638 1869 698 1892 nos
737 1859 776 1892 de
814 1870 905 1893 novo
935 1863 1038 1893 erecti
1069 1865 1101 1893 et
1130 1864 1311 1894 constructi
1341 1864 1412 1895 sine
1442 1861 1625 1907 prejudicio
1656 1861 1800 1896 ecclesie
1829 1865 2026 1903 memorate,
2065 1859 2219 1905 quamdiu

358 1919 427 1961 ipse
457 1917 612 1951 Andreas
643 1922 741 1952 vitam
773 1920 901 1953 duxerit
935 1924 964 1954 in
995 1921 1158 1961 humanis5
1189 1921 1227 1954 ad
1258 1921 1446 1955 habendum
1477 1923 1655 1956 tenendum
1685 1934 1745 1968 per
1774 1925 1879 1968 ipsum
1909 1921 2158 1968 percipiendum
2189 1925 2221 1954 et

358 1977 591 2021 possidendum
632 1991 704 2012 eum
737 1981 832 2025 pleno
867 1981 1024 2017 dominic.
1054 1982 1098 2015 nil
1128 1994 1187 2027 pro
1217 1981 1312 2016 nobis
1342 1987 1372 2015 et
1403 1982 1582 2016 heredibus
1612 1987 1666 2016 aut
1704 1982 1958 2017 successoribus
1987 1984 2110 2016 nostris
2134 1982 2220 2025 juris

358 2038 409 2069 vel
463 2038 595 2072 dominii
634 2043 762 2085 penitus
811 2042 1040 2083 reservand03
1091 2043 1237 2076 exclusis
1287 2043 1495 2076 solummodo
1542 2042 1793 2086 gubernacione
1832 2043 2019 2077 huiusmodi
2056 2041 2219 2076 bonorum

356 2109 417 2131 nec
449 2110 512 2131 non
543 2101 692 2137 emendis
723 2106 858 2146 propter
889 2102 1112 2137 homicidium.
1145 2103 1278 2145 furtum,
1309 2104 1495 2137 incendium
1528 2109 1583 2137 aut
1612 2108 1725 2150 raptus
1755 2104 1920 2138 violentos
1950 2105 2130 2147 virginium
2164 2103 2219 2136 vel

356 2158 529 2192 viduarum
563 2161 872 2195 intei·ve11ientilms.
905 2164 1129 2208 Quasmiidem
1161 2164 1320 2206 emendas
1349 2176 1422 2198 cum
1453 2167 1677 2210 requisicione
1707 2168 1739 2197 ct
1760 2164 1930 2198 voluntate
1951 2166 2052 2209 ipsius
2073 2162 2220 2197 allai-iste

357 2219 473 2251 tollere
503 2231 678 2264 possumus
707 2227 933 2265 congruenter
962 2229 994 2256 et
1024 2225 1077 2257 tali
1109 2225 1218 2261 inodo.
1251 2237 1290 2258 ne
1321 2225 1489 2259 hereditas
1518 2225 1667 2271 predicta
1698 2236 1757 2271 per
1786 2224 2005 2258 inordinatam
2031 2223 2220 2268 hujusmodi

357 2281 571 2314 emendarum
612 2285 829 2316 exaecionem
869 2284 999 2328 aliquod
1039 2288 1068 2318 in
1106 2288 1173 2318 suis
1213 2288 1361 2330 paciatur
1390 2285 1545 2320 censibus
1575 2287 1830 2328 detrimentum3
1876 2287 2032 2331 ipsasque
2061 2283 2220 2318 emendas

359 2352 420 2372 non
452 2352 509 2385 pro
541 2346 652 2374 nostra
685 2343 830 2377 utilitate.
862 2344 919 2377 sed
952 2356 1010 2390 pro
1041 2350 1220 2387 augmento
1251 2345 1413 2380 bonorum
1444 2349 1546 2392 ipsius
1567 2347 1680 2380 altaris
1701 2346 1850 2391 ampliori
1871 2350 1927 2379 aut
1947 2348 2218 2379 ornamentorum

358 2401 503 2433 eiusdem
535 2408 784 2437 eonvertentes.
838 2404 907 2437 Tali
940 2410 1048 2439 tamen
1080 2407 1204 2440 inclusa
1235 2407 1444 2449 condicione,
1475 2407 1560 2452 quod
1592 2417 1651 2452 pro
1680 2406 1869 2450 liuJ'usmodi
1898 2405 2070 2440 beneficiis
2099 2407 2220 2439 nostris

358 2473 395 2491 ae
433 2465 689 2507 prescriptorum
730 2463 872 2497 Com-adi
912 2470 943 2498 et
984 2466 1127 2509 Agnetis
1169 2467 1316 2512 prefatus
1347 2467 1503 2501 Andreas
1542 2467 1687 2501 altarista
1718 2471 1750 2500 et
1778 2477 1895 2501 omncs
1924 2476 2141 2501 successores
2170 2467 2219 2500 sui

359 2521 504 2553 eiusdem
543 2523 654 2555 altaris
692 2524 849 2562 altariste,
892 2528 944 2569 qui
976 2538 1034 2570 pei·
1065 2527 1238 2572 plebanum
1270 2531 1372 2574 ipsius
1402 2528 1545 2562 ecclesie
1575 2531 1606 2561 in
1636 2526 1808 2572 slewings
1837 2527 1877 2561 ad
1906 2526 1971 2561 hoc
2000 2526 2086 2560 idem
2116 2525 2220 2560 altare

360 2580 476 2613 suerint
518 2582 673 2626 deputati.
712 2585 901 2629 specialiter
939 2586 977 2619 ad
1016 2588 1098 2620 insi-a
1139 2591 1260 2634 scripta
1300 2593 1374 2622 sunt
1404 2589 1563 2629 adstricti„
1595 2588 1768 2621 videlicet:
1800 2592 1832 2620 ut
1862 2587 1946 2621 idem
1977 2586 2136 2629 altarista‚
2166 2588 2219 2631 qui

360 2651 419 2684 pro
451 2646 598 2686 tempore
631 2644 737 2677 t'uerit.
770 2648 799 2677 in
830 2645 972 2690 qualibet
1005 2647 1188 2681 ebdomada
1219 2653 1360 2693 quatuor
1391 2651 1509 2683 missas
1538 2653 1678 2694 peragat
1708 2659 1768 2693 per
1797 2659 1833 2682 se
1864 2647 1917 2681 vel
1946 2647 2043 2680 alium
2073 2648 2104 2680 in
2125 2646 2219 2680 altari
