2313 3090
1007 217 1078 251 113

105 325 238 358 domino
267 327 384 357 nostro
413 323 548 356 domino
578 322 717 356 Nicolao
748 325 907 369 episcopo
938 321 1154 357 Olomucensi
1184 326 1216 355 et
1245 333 1304 356 sue
1330 322 1476 356 ecclesie
1506 321 1641 355 easdem
1664 321 1823 355 ducentas
1846 332 1976 354 mareas

102 395 299 431 grossorum
336 383 562 430 predictorum
601 383 736 417 inscribi
777 395 850 417 cum
889 383 1042 417 omnibus
1080 385 1205 416 nostris
1238 382 1370 427 juribus
1409 387 1441 416 et
1470 381 1664 416 accionibus
1694 387 1791 427 prout
1820 393 1881 415 nos
1906 383 1976 426 jam

104 446 208 480 dictas
243 447 403 491 pecunias
437 444 642 489 judicialiter
679 443 891 478 obtinuimus.
948 443 989 477 Et
1026 446 1263 477 renunciamus
1301 446 1390 477 omni
1422 444 1488 487 juri
1525 447 1653 486 nostro‚
1694 443 1780 487 quod
1820 442 1915 476 nobis
1946 447 1976 475 et

105 505 285 541 heredibus
314 508 437 539 nostris
466 504 630 538 hacteuus
659 504 870 550 competebat
900 507 932 538 in
962 505 1088 538 eisdem
1119 509 1151 538 et
1181 504 1246 538 hoc
1274 507 1380 550 ipsmn
1406 505 1462 548 jus
1495 507 1646 537 nostrum
1684 503 1782 549 plene
1812 507 1843 536 et
1873 502 1977 536 libere

107 566 338 601 transferimus
367 569 398 600 in
429 566 551 599 dictum
582 565 750 598 domiuum
780 565 954 599 Nicolaum
985 568 1180 611 episcopum
1211 564 1471 599 Olomucensem
1501 569 1533 598 et
1562 575 1655 599 suam
1677 564 1855 598 ecclesiam
1878 564 1976 597 modo

107 632 138 662 et
174 627 282 661 forma
319 626 524 670 melioribus7
563 625 680 672 quibus
711 626 775 659 hoc
804 625 875 659 fieri
912 629 1046 672 poterit,
1085 625 1267 660 secundum
1298 625 1572 659 consuetudinem
1608 629 1640 658 et
1664 625 1741 668 jura
1771 624 1975 658 vasallorum

106 688 228 722 domini
258 690 407 733 episcopi
436 692 467 721 et
497 687 642 721 ecclesie
671 686 908 732 predictorum.
940 686 1156 720 Presentibus
1186 689 1331 720 strenuis
1360 688 1442 719 viris
1473 686 1614 720 dominis
1643 684 1841 719 Bernhardo
1867 684 1978 718 Heclit

103 749 145 783 de
181 747 427 791 Schucendorf„
466 747 669 792 Marquardo
709 748 749 780 (10
786 747 1000 791 XVoll'sberg,
1039 745 1219 781 Cunczone
1249 746 1290 780 de
1328 745 1457 788 Swolm
1488 746 1679 779 XVolframo
1710 746 1750 779 de
1780 745 1975 780 Panowicz.

102 809 233 843 Jodoco
263 809 303 843 de
332 807 534 853 VVoll'sberg
563 812 596 842 et
624 807 754 841 Janone
784 809 825 842 de
854 807 1033 842 Dobrusch
1063 807 1202 841 testibus
1231 807 1271 840 ad
1296 810 1459 853 premissa
1483 809 1681 840 constitutis.
1712 806 1836 840 Harum
1859 805 1977 851 quibus

104 869 248 915 sigillum
282 874 432 904 nostrum
470 868 683 914 presentibus
723 874 771 902 est
810 880 992 915 appensum
1031 871 1220 902 testimoniO
1250 868 1433 901 literarum.
1490 867 1611 901 Datum
1642 870 1673 901 iu
1703 872 1814 901 castro
1843 866 1975 901 Meraw

105 941 193 965 anno
214 930 337 965 domini
356 927 408 964 ΜΟ
428 928 531 964 CCC⁰
550 932 772 974 nonagesimo
794 933 910 972 tercio‚
934 932 1005 974 ipso
1027 929 1080 962 die
1100 931 1362 962 annunciaconis
1383 928 1480 961 beate
1500 927 1606 961 Mario
1629 930 1792 973 virginius
1812 928 1974 972 gloriose.

419 1035 609 1070 (Kremsierer
631 1034 884 1068 Lehenspuhonen
909 1034 931 1059 I.
957 1034 976 1060 f.
1002 1030 1065 1071 81).)

998 1188 1099 1224 132.

106 1267 182 1303 Der
205 1268 420 1302 Obrowitz-er
442 1268 511 1302 [1ὺί
529 1268 718 1302 Jaroslaus
735 1268 874 1311 foi-[lert
902 1268 957 1301 (lie
982 1267 1130 1312 Pfarrer
1158 1265 1371 1300 Boleecslaas.
1401 1265 1515 1299 ,10111ιό
1546 1269 1609 1299 etc.
1633 1268 1705 1311 aelf,
1737 1266 1819 1299 (lass
1838 1267 1890 1298 sie
1912 1265 1975 1298 (len

159 1329 374 1363 Allbrz'mner
404 1328 628 1363 Krenz-leerrn
659 1329 723 1362 den
753 1328 854 1362 ilmen
884 1328 991 1362 durch
1022 1329 1108 1362 :wei
1134 1326 1245 1361 ιΙαΙιΓε
1276 1326 1559 1360 zrorentlealteuen
1590 1326 1723 1360 Zeleent
1751 1329 1919 1360 crselz-eu.

742 1389 800 1423 Dc.
835 1389 1010 1422 Obrowitz-
1039 1387 1074 1422 3.
1104 1387 1209 1433 April
1238 1386 1348 1421 1393.

271 1466 465 1520 Jaroslaus
494 1488 717 1520 miseracione
747 1486 859 1519 divina
889 1484 991 1518 abbas
1022 1486 1215 1517 monasterii
1252 1482 1349 1517 beate
1377 1482 1484 1516 Marie
1522 1485 1663 1528 virginis
1692 1482 1976 1516 Zabrdovicensis

106 1557 210 1593 prope
239 1545 384 1581 Bruuam
414 1546 736 1581 Premonstratensis
766 1547 891 1580 ordinis
921 1546 1155 1579 Olonmcensis
1184 1544 1340 1587 diocesis,
1365 1544 1472 1588 judex
1493 1548 1525 1577 et
1553 1548 1776 1577 conservator
1796 1548 1976 1589 perpetuus

105 1619 169 1642 una
199 1620 273 1643 cum
302 1611 426 1643 nostris
455 1611 488 1642 in
516 1608 581 1642 hac
609 1612 705 1654 parte
735 1607 874 1651 collegis
900 1608 1023 1651 jurium
1055 1616 1092 1638 ac
1122 1605 1377 1650 privilegiorum
1402 1604 1647 1638 honorabilium
1677 1608 1710 1637 et
1738 1604 1975 1648 religiosorum

104 1671 256 1704 virorum
286 1669 495 1704 dominorum
525 1672 677 1714 magistri
706 1672 737 1702 et
768 1668 906 1702 fratrum
937 1666 1180 1700 cruciferorum
1210 1665 1384 1711 hospitalis
1404 1667 1509 1699 sancti
1530 1664 1693 1698 Joliannis
1713 1664 1975 1698 Jerosolimitani

104 1741 123 1763 a
151 1730 233 1765 sede
258 1730 441 1777 apostolica
479 1730 671 1776 specialiter
699 1729 887 1775 deputatus,
926 1725 1178 1762 homirabilibus
1208 1730 1239 1759 et
1269 1726 1421 1760 discretis
1451 1729 1532 1759 viris
1563 1728 1593 1759 111
1622 1725 1851 1771 Mezyrzyecz
1883 1729 1915 1758 et
1943 1728 1974 1758 iu

105 1793 271 1837 superiori
300 1790 469 1825 Bobrovia
499 1791 720 1825 ecclesiarum
740 1789 892 1836 plebanis
912 1793 965 1822 aut
987 1791 1134 1834 ipsorum
1156 1787 1229 1820 loca
1259 1785 1447 1820 tenentibus
1469 1786 1554 1819 dicte
1577 1785 1810 1819 010111110011515
1832 1785 1975 1819 diocesis

105 1852 245 1898 aliisque
274 1851 426 1886 omnibus
455 1857 487 1886 et
516 1852 656 1897 singulis
686 1851 905 1885 ecclesiarum
935 1848 1086 1895 plebanis
1116 1852 1147 1881 et
1176 1847 1364 1881 rectoribus
1394 1851 1448 1880 aut
1478 1850 1624 1893 ipsorum
1657 1849 1749 1880 vices
1779 1845 1976 1890 gerentibus

105 1923 166 1959 per
194 1914 365 1947 civitatem
395 1917 427 1947 et
456 1913 615 1946 diocesim
638 1912 898 1946 Olomucensem
928 1909 1112 1956 predictam
1143 1907 1277 1942 ubilibet
1307 1911 1492 1942 constitutis
1522 1910 1724 1941 coniunctim
1754 1908 1809 1941 vel
1830 1907 1975 1949 divisum

105 1976 160 2020 qui
195 1973 408 2020 presentibus
448 1973 576 2008 fueritis
614 1975 765 2019 requisiti
803 1984 863 2007 scu
902 1971 986 2005 alter
1016 1974 1165 2003 vestrum
1205 1969 1303 2003 suerit
1332 1971 1510 2014 requisitus
1549 1969 1689 2002 salutem
1719 1971 1750 2001 in
1780 1968 1914 2001 domino
1945 1972 1974 2000 01

105 2034 268 2069 mandatis
296 2037 420 2069 nostris
450 2037 516 2068 imo
544 2037 659 2068 verius
689 2034 880 2080 apostolicis
910 2032 1049 2066 firmiter
1070 2029 1221 2063 obedire.
1252 2029 1424 2063 Noveritis
1445 2029 1540 2063 nobis
1561 2041 1648 2062 anno
1670 2029 1835 2062 dominice
1858 2031 1975 2061 incar-

104 2097 255 2130 nacionis
284 2095 459 2129 millesimo
490 2097 726 2129 trecentesimo
757 2096 978 2139 nonagesimo
1010 2094 1114 2125 tercio
1136 2095 1292 2123 currente
1314 2090 1500 2123 indiccione
1520 2093 1639 2135 prima*
1669 2100 1756 2122 noua
1779 2089 1831 2122 dic
1852 2091 1975 2122 mensis

104 2155 232 2202 Aprilis
260 2155 343 2190 hora
360 2167 523 2189 nonarum
552 2156 607 2190 vel
637 2158 731 2201 quasi
761 2158 791 2189 111
822 2155 963 2201 pallacio
995 2153 1187 2186 monasterii
1216 2153 1321 2184 nostri
1343 2155 1515 2193 consueto,
1538 2150 1748 2196 pontificatus
1774 2152 1974 2184 sanctissimi

104 2219 137 2250 in
167 2215 299 2251 Christo
329 2219 432 2263 patris
461 2228 499 2250 ac
529 2217 652 2250 domini
682 2219 786 2250 nostri
816 2216 939 2249 domiui
970 2212 1131 2247 Bonifacii
1162 2211 1274 2244 divina
1304 2211 1519 2256 providencia
1551 2222 1635 2256 pape
1666 2213 1743 2243 noui
1765 2221 1851 2243 anno
1874 2213 1975 2255 ipsius

105 2281 224 2323 quarto
252 2288 313 2323 per
340 2277 497 2311 idoneum
527 2281 560 2310 et
595 2280 874 2323 circumspectum
914 2278 1021 2309 virum
1052 2273 1235 2306 llenricum
1266 2271 1387 2304 dictum
1417 2271 1613 2305 Hawswald
1650 2275 1905 2316 procuratorem
1945 2274 1974 2303 ct

104 2341 239 2373 nomine
268 2341 501 2384 procuratorio
531 2338 680 2382 religiosi
710 2337 822 2371 fratris
852 2337 974 2370 domini
1005 2334 1134 2369 Nicolai
1164 2331 1293 2378 plebani
1329 2343 1388 2365 seu
1426 2334 1569 2365 rectoris
1608 2331 1753 2364 ecclesie
1790 2330 1908 2364 domus
1945 2334 1974 2364 et

97 2386 277 2445 'hospitalis
306 2398 549 2432 cruciferorum
579 2398 704 2432 ordinis
734 2401 839 2432 sancti
869 2397 1031 2431 Joliannis
1060 2393 1322 2428 Jerosolimitani
1352 2395 1384 2425 in
1409 2393 1556 2437 Antiqua
1578 2391 1689 2425 Bruna
1721 2391 1807 2424 dicte
1831 2391 1976 2424 01011111-

104 2462 215 2494 censis
244 2458 388 2493 diocesis
417 2463 632 2505 presentasse
661 2459 775 2493 literas
805 2459 880 2492 olim
912 2458 1017 2491 felicis
1050 2454 1300 2489 recordacionis
1331 2451 1488 2497 Gregorii
1518 2464 1602 2498 pape
1631 2455 1709 2485 noni
1741 2456 1804 2484 etc.
1836 2463 1974 2496 quarum

103 2524 200 2554 tenor
235 2520 276 2554 de
314 2519 421 2553 verbo
460 2518 500 2553 ad
539 2518 679 2553 verbum
718 2523 869 2565 sequitur
905 2523 935 2552 et
975 2522 1023 2552 est
1062 2517 1154 2549 talis:
1197 2513 1408 2557 „Gregorius
1439 2516 1617 2559 episcopus
1647 2523 1767 2545 servus
1797 2523 1974 2545 servorum

104 2580 156 2615 dei
187 2607 194 2614 .
227 2608 233 2614 .
266 2608 272 2614 .
309 2579 430 2613 Datum
462 2578 621 2624 Anagnie
656 2579 730 2613 Vll.
760 2579 826 2613 kal.
865 2578 1073 2625 Septembris
1102 2576 1312 2623 pontificatus
1342 2577 1446 2607 nostri
1476 2584 1563 2606 auno
1594 2573 1737 2618 primo.“
1774 2593 1814 2596 —
1848 2571 1974 2605 Verum

106 2643 181 2687 quia
226 2640 376 2687 predicte
422 2640 517 2673 litere
564 2644 596 2673 ct
642 2639 730 2673 lmllc
777 2640 866 2673 sedis
913 2639 1117 2685 apostolice.
1165 2647 1261 2681 quam
1309 2646 1369 2680 per
1413 2635 1524 2680 pluri-s
1572 2633 1678 2666 felicis
1724 2632 1976 2666 recordacionis

106 2713 255 2736 summos
290 2712 449 2735 romanos
487 2699 661 2746 pontifices
700 2704 731 2734 et
766 2700 957 2746 specialiter
994 2711 1054 2745 per
1084 2699 1328 2733 sanctissimum
1363 2698 1393 2729 in
1424 2694 1557 2729 Cliristo
1587 2697 1714 2739 patrem
1746 2697 1778 2726 et
1807 2693 1974 2726 dominum

1813 2755 1852 2782 15
