2313 3090
991 214 995 218 ·
1035 206 1109 239 393

1017 370 1124 405 4311.

137 455 245 489 Pabst
274 455 480 499 Bom'facius
516 454 579 488 IX.
622 456 765 489 rerleiht
801 457 854 490 die
892 456 1017 500 Pfarre
1055 459 1087 490 ἰη
1120 457 1265 490 1111’ῑ«1“1“·1’(“·
1303 457 1376 490 dem
1413 455 1595 499 Nikolaem,
1627 455 1747 489 Soleae
1775 456 1835 488 des
1867 454 2003 488 Manelf.

756 517 814 551 Dt.
847 518 932 551 Rom
963 518 1023 551 2²1.
1056 517 1248 551 Norember
1281 516 1389 551 1397.

298 601 510 654 Bonifacius
549 624 726 667 episcopus
762 634 882 656 servus
918 634 1096 656 servorum
1134 623 1186 656 dei
1224 622 1409 656 venerabili
1451 622 1542 655 l'ratri
1581 620 1748 666 Episcopo
1790 620 1943 665 Aquensi
1972 625 2004 654 et

85 701 96 704 -
137 681 265 715 dilectis
294 680 367 714 filiis
398 708 404 714 .
438 709 443 714 .
476 680 637 726 Pragensi
676 693 714 715 ac
749 683 963 716 (llonmccnsi
997 683 1194 717 officialibus
1230 684 1369 717 salutem
1400 688 1431 717 et
1464 682 1681 728 apostolicam
1710 681 1999 715 benediccionem.

137 740 215 775 Vite
243 752 283 775 ac
313 752 441 775 morum
471 741 630 775 honestas
663 742 792 787 aliaque
824 742 997 776 laudabilia
1028 743 1201 789 probitatis
1231 757 1269 778 ac
1299 748 1458 778 virtutum
1489 746 1615 781 merita,
1645 753 1746 788 super
1775 741 1893 787 quibus
1920 742 2005 787 apud

136 813 199 836 nos
228 802 367 837 dilectus
397 802 480 836 filius
509 802 668 836 Nicolaus
697 802 897 837 Mainkonis.
929 809 1041 837 rector
1070 805 1288 850 parrochialis
1310 804 1453 838 ecclesie
1474 807 1505 838 in
1526 803 1749 849 Mezyerzicz,
1773 802 2006 837 Olomucensis

137 862 281 898 diocesis
318 863 383 898 fide
421 864 521 909 digno
560 864 814 897 commendatur
851 868 1051 899 testimonio.
1092 876 1151 898 nos
1192 865 1361 899 inducunt.
1402 869 1433 898 ut
1473 863 1534 898 sibi
1571 864 1750 897 reddamur
1787 863 1825 896 ad
1856 866 2006 907 graciam

135 922 303 958 liberales.
352 924 483 958 Dudum
521 925 683 970 siquidem
729 936 844 958 omnes
882 925 1111 970 parrochiales
1150 925 1313 959 ecclesias
1357 930 1537 970 ceteraque
1575 923 1736 958 beneficia
1776 924 2005 957 ecclesiastica

137 995 211 1017 cum
250 995 329 1018 cura
367 989 398 1019 et
434 988 505 1019 sine
543 996 635 1027 cura,
665 996 938 1031 quorumeunque
968 986 1215 1031 capellanorum
1245 986 1333 1020 sedis
1363 986 1548 1031 apostolice
1578 989 1654 1018 tunc
1683 987 1855 1026 vacancia,
1887 989 1919 1018 et
1948 987 2005 1017 in-

135 1049 232 1078 antea
271 1050 432 1080 vacatura
473 1046 646 1080 collacioni
685 1051 799 1079 nostre
835 1051 1050 1079 resta-rantes
1087 1046 1301 1080 decrevimus
1337 1052 1461 1081 extunc
1490 1049 1617 1080 irritum
1649 1051 1679 1080 et
1709 1049 1818 1080 inane.
1849 1049 1875 1079 si
1905 1057 2004 1081 secus

137 1115 239 1151 super
267 1106 329 1140 hiis
359 1118 375 1140 a
406 1118 571 1152 quoquam
602 1110 720 1152 quavis
750 1110 947 1140 aucun-itate
977 1110 1124 1141 scienter
1153 1108 1207 1141 vel
1237 1111 1432 1153 ignoranter
1461 1111 1671 1151 contingeret
1693 1111 1891 1154 attemptari.
1923 1107 2005 1142 Cum

138 1168 250 1212 itaque
284 1167 494 1213 postmodum
542 1167 761 1213 parrochialis
799 1168 941 1201 ecclesia
982 1171 1011 1200 in
1047 1167 1238 1214 Mezyrzicz
1269 1169 1502 1202 (tlomucensis
1531 1169 1686 1212 diocesis5
1717 1180 1812 1213 quam
1843 1169 2009 1214 quondam

135 1226 361 1262 Wenceslaus
391 1228 497 1262 dictus
526 1227 612 1262 Rod.
652 1231 754 1274 ipsius
783 1228 926 1261 ecclesie
956 1233 1079 1261 rector.
1111 1229 1186 1262 dum
1215 1233 1361 1272 viveret„
1393 1229 1576 1271 obtinebat,
1606 1241 1665 1275 per
1690 1232 1790 1275 ipsius
1811 1229 2006 1263 W'enceslai

135 1287 272 1332 obitum,
309 1292 363 1334 qui
399 1289 592 1335 capellanus
622 1289 709 1322 dicte
739 1289 827 1322 sedis
857 1292 1006 1322 existens
1036 1295 1130 1322 extra
1162 1290 1346 1324 Romanam
1377 1294 1502 1324 curiam
1533 1290 1619 1323 diem
1648 1290 1766 1324 clausit
1802 1295 2004 1324 extremum.

134 1353 319 1382 vacaverat
356 1354 387 1383 et
422 1350 566 1383 vacabat
604 1354 692 1383 tunc.
730 1350 903 1394 nullusque
941 1350 981 1383 de
1020 1350 1071 1383 illa
1108 1356 1221 1396 preter
1250 1363 1310 1384 nos
1340 1354 1502 1385 canonice
1532 1350 1711 1396 disponere
1741 1353 1903 1396 potuisset
1933 1353 2006 1384 sive

136 1414 262 1455 posset,
302 1413 543 1444 reservacione
580 1415 609 1444 et
648 1410 786 1443 decreto
816 1410 1051 1444 obsistentibus
1081 1412 1290 1456 supradictis.
1322 1411 1391 1445 Nos
1421 1412 1575 1445 volentes
1604 1411 1711 1445 eidem
1743 1411 1881 1444 Nicolao
1921 1422 2005 1457 pre-

134 1472 310 1504 missorum
332 1474 526 1505 meritorum
548 1482 683 1505 suorum
705 1474 819 1504 intuitu
836 1474 983 1516 graciam
1002 1471 1115 1505 l'acere
1132 1473 1324 1517 spccialcnn
1342 1472 1520 1506 ecclesiam
1540 1472 1735 1517 predictam,
1753 1475 1846 1505 0111115
1864 1472 2002 1511 fructus,

134 1530 281 1564 redditus
302 1535 334 1564 et
353 1536 537 1577 proventus
558 1531 795 1577 quinquaginta
819 1531 1028 1565 marcharum
1050 1536 1181 1575 arg-enti
1203 1536 1275 1578 puri
1295 1533 1477 1566 secundum
1500 1543 1709 1566 communem
1732 1535 2002 1569 extimacionem,

133 1595 167 1624 ut
187 1593 258 1637 ipse
277 1590 436 1625 Nicolaus
456 1595 588 1634 asserit,
609 1604 674 1625 non
692 1593 871 1626 excedunt.
893 1596 966 1625 sive
983 1597 1013 1625 ut
1031 1596 1240 1638 premittitum
1263 1596 1336 1627 sive
1357 1593 1439 1627 alias
1460 1595 1580 1638 quovis
1600 1593 1709 1628 modo.
1730 1597 1783 1626 aut
1805 1603 1849 1626 ex
1869 1593 2005 1626 alterius

133 1654 362 1697 cuiuscunque
392 1664 537 1698 persona
567 1664 626 1686 seu
657 1665 721 1699 per
748 1657 998 1687 assecucionem
1031 1653 1166 1687 alterius
1188 1653 1339 1687 beneficii
1362 1654 1581 1687 ecclesiastici
1602 1653 1784 1698 apostolica
1807 1656 2005 1686 auctoritate

133 1712 255 1756 collau,
286 1713 341 1747 vel
370 1724 430 1759 per
459 1717 734 1748 constitucionem
768 1715 873 1748 l'elicis
904 1714 1154 1747 recordacionis
1185 1714 1347 1748 ,Iohannis
1377 1713 1464 1760 Pape
1493 1714 1591 1748 XXII
1612 1714 1864 1760 predecessoris
1885 1717 2002 1757 11113111θ

133 1783 198 1817 que
234 1775 365 1819 incipit:
412 1772 691 1818 „Execrabilis“;
731 1780 787 1808 aut
824 1786 884 1820 per
923 1774 1059 1807 liberam
1101 1777 1367 1819 resignacionem
1407 1775 1544 1808 alicuius
1583 1786 1642 1820 per
1680 1786 1754 1808 eum
1794 1774 1834 1807 de
1873 1774 1927 1807 illa
1972 1777 2003 1807 in

133 1833 296 1878 manibus‚
333 1835 372 1868 ad
412 1835 441 1868 id
481 1839 678 1881 potestatem
720 1835 872 1869 habentis
911 1835 996 1880 apud
1036 1835 1150 1868 sedem
1189 1835 1405 1881 apostolicam
1444 1839 1562 1880 sponte
1602 1834 1723 1868 factam
1763 1839 1795 1868 et
1823 1834 2002 1867 admissam

133 1900 244 1930 vacet.
291 1898 427 1929 eciamsi
473 1900 562 1929 tanto
613 1901 763 1942 tempore
812 1899 973 1930 vacuerit.
1023 1896 1108 1940 quod
1157 1899 1227 1929 eius
1274 1896 1414 1929 collacio
1462 1898 1552 1929 iuxta
1600 1896 1834 1930 Lateranensis
1882 1899 2002 1929 statuta

131 1955 263 1989 concilii
304 1956 342 1989 ad
386 1956 500 1990 sedem
540 1957 722 2003 predictam
762 1958 920 2002 legittime
959 1956 1127 1999 devoluta,
1174 1961 1228 1989 aut
1267 1956 1409 1989 ecclesia
1449 1959 1517 2001 ipsa
1557 1956 1770 2001 disposicioni
1818 1956 2001 2001 apostolice

130 2016 321 2062 specialiter
360 2020 516 2055 existant,
555 2022 585 2051 et
623 2030 639 2051 a
677 2019 775 2052 domo
811 2021 896 2052 sacri
934 2018 1076 2063 sepulcri
1117 2017 1272 2050 dominici
1311 2016 1571 2050 Jerosolimitani
1601 2016 1843 2057 Sderasiensis,
1875 2016 2002 2049 ordinis

129 2079 234 2110 sancti
272 2077 465 2122 Augustini,
507 2078 686 2123 I'ragensis
724 2079 879 2116 diocesis,
921 2079 974 2112 vet
1013 2079 1076 2112 alio
1117 2090 1314 2123 quocunque
1345 2077 1492 2121 regulari
1522 2077 1596 2110 loco
1635 2077 1833 2123 dependeat.
1872 2081 1905 2110 et
1944 2088 2002 2122 per

127 2140 312 2171 canonicos
335 2138 452 2171 donius
482 2150 542 2172 seu
571 2139 634 2173 loci
665 2139 853 2173 huiusmodi
883 2140 1065 2183 gubernari
1097 2143 1334 2172 consueverat.
1366 2142 1397 2171 et
1427 2149 1527 2183 super
1556 2149 1594 2171 ea
1625 2141 1710 2171 inter
1740 2138 1868 2182 aliquos
1898 2137 1937 2170 lis
1970 2140 2000 2170 in

131 2197 216 2231 dicta
252 2202 343 2232 curia
384 2199 435 2233 vel
476 2204 570 2233 extra
608 2212 680 2234 eam
718 2201 861 2247 pendeat
892 2201 1050 2243 indecisa,
1083 2205 1114 2232 et
1143 2200 1208 2241 ille,
1241 2210 1281 2232 ex
1314 2201 1406 2231 cuius
1437 2209 1579 2243 persona
1610 2198 1722 2231 ultimo
1753 2201 1864 2232 vacuit
1893 2201 1999 2231 eciam

130 2258 217 2292 dicte
246 2259 334 2293 sedis
364 2260 567 2305 capellanus,
598 2265 770 2301 nunccius,
803 2262 855 2295 vel
887 2265 1044 2295 notarius.
1076 2266 1128 2293 ant
1151 2261 1232 2293 alins
1253 2259 1416 2294 ol'licialis,
1439 2270 1497 2291 scu
1520 2258 1684 2291 l'ruetnum
1715 2263 1747 2291 et
1776 2263 1997 2304 proventuum

133 2329 268 2352 camere
310 2321 494 2365 apostolice
537 2321 722 2356 debitorum
773 2323 943 2361 collector,
994 2322 1046 2355 vel
1090 2321 1323 2357 sulicollecton
1368 2331 1426 2352 seu
1469 2319 1726 2364 apostolicarum
1771 2318 1999 2353 abbreviator.

132 2383 187 2412 aut
227 2380 406 2413 earundem
446 2381 503 2414 vel
540 2385 780 2427 penitenciarie
820 2388 932 2416 nostre
972 2383 1140 2415 literarum
1171 2384 1325 2425 scriptor.
1357 2379 1409 2412 vel
1447 2379 1594 2412 eiusdem
1632 2379 1731 2420 sedis,
1771 2384 1822 2412 aut
1863 2379 2000 2411 alienius

131 2451 174 2473 ex
211 2441 459 2475 venerabilibus
499 2442 659 2475 fratribus
703 2447 837 2486 nostris„
881 2448 995 2477 sancte
1039 2443 1189 2476 Romane
1233 2440 1376 2473 ecclesie
1420 2438 1642 2472 cardinalibus
1686 2438 1856 2472 familiaris
1901 2439 1997 2480 l'oreh

129 2511 188 2534 seu
228 2500 383 2534 damnate
423 2505 583 2535 memorie
623 2502 783 2547 11011011117
823 2504 898 2537 olim
939 2503 1073 2536 basilice
1113 2502 1286 2535 duodecim
1325 2500 1550 2545 apostolorum
1590 2498 1789 2544 presbytero
1833 2499 2002 2532 Cardinali

129 2565 207 2595 tunc
245 2564 409 2607 antipape.
450 2565 502 2607 qui
539 2574 575 2595 se
611 2563 816 2597 Clementem
857 2563 927 2597 Vll.
969 2575 1049 2596 ausu
1086 2563 1252 2605 sacrilee'o
1293 2560 1493 2594 nominabat,
1529 2565 1583 2593 aut
1622 2560 1692 2593 aliis
1734 2571 1793 2605 per
1823 2571 2001 2604 processus

129 2622 333 2667 apostolicos
363 2623 592 2656 cendemnatis
622 2623 801 2666 adheserit‚
841 2625 893 2657 vel
929 2624 1012 2669 apud
1050 2624 1163 2657 sedem
1196 2626 1296 2668 ipsam
1338 2622 1532 2663 decesserit,
1572 2632 1644 2653 cum
1685 2620 1836 2653 omnihus
1869 2620 1999 2664 juribus

131 2686 163 2715 et
209 2685 424 2728 pertinenciis
472 2686 539 2716 suis
596 2684 777 2728 apostolica
827 2685 933 2717 eidem
966 2684 1105 2717 Nicolao
1149 2686 1344 2716 auctoritate
1387 2681 1584 2714 contulimus
1628 2686 1658 2713 et
1702 2682 1742 2713 de
1790 2681 1842 2713 illa
1891 2683 1995 2713 eciam

1832 2743 1870 2765 :3o
