2313 3090
1057 189 1129 222 445

156 293 302 335 ipsorum
332 294 430 324 areis.
475 292 581 325 silvis.
626 296 739 337 pratis,
781 294 852 327 aliis
882 296 1098 339 pertinenciis
1129 296 1295 327 universis
1325 294 1364 326 ad
1395 294 1516 327 dictum
1547 295 1687 328 alterum
1719 295 1860 328 medium
1893 295 2023 329 laneum

151 351 390 397 spectantibus,
435 363 494 396 pro
525 355 669 397 quinque
699 358 880 398 sexagenis
910 365 1117 399 grossorum.
1156 353 1335 398 Pragensis
1366 358 1569 399 pagamenn„
1611 355 1758 388 honestis
1790 359 1871 388 meis
1906 358 2022 388 amicis

152 413 253 446 Anne
282 412 400 446 relicte
429 413 595 457 quondam
627 414 807 449 Hanconis.
839 415 1063 449 Wencesslao
1093 426 1222 459 genero
1255 418 1368 460 ipsius.
1399 415 1568 462 Dyemote
1599 416 1784 449 conthorali
1815 427 1874 449 sue
1904 415 2024 449 ibidem

154 476 186 506 in
214 472 430 517 RaczowiCZ,
462 485 499 507 ac
530 475 670 518 singulis
701 478 845 520 ipsorum
877 476 1068 510 heredibus.
1100 476 1177 509 inihi
1208 487 1246 508 ac
1277 475 1430 509 omnibus
1472 479 1553 510 meis
1592 476 1847 510 successoribus
1875 480 1907 510 in
1941 488 2026 523 pre-

157 534 233 567 fatis
278 533 374 568 bonis
409 534 488 568 nihil
527 536 749 570 reservando.
794 538 977 572 addiciens.
1023 542 1055 570 ut
1094 540 1155 582 ipsi
1193 537 1310 582 prefati
1348 542 1517 582 emptores
1554 540 1617 570 mei
1659 536 1803 570 habeant
1842 538 2025 583 plenariam

153 599 364 640 potestatem.
396 595 482 628 dieta
512 595 597 629 bona
628 601 793 642 tamquam
824 610 882 631 sna
912 601 1046 643 propria
1076 608 1249 643 exponere
1279 598 1392 630 locare
1422 597 1574 631 vendere
1603 597 1741 631 donare.
1772 603 1825 631 aut
1856 601 1887 631 in
1917 609 2025 642 quos-

154 667 296 701 cumque
326 667 404 690 suos
434 667 512 690 usus
542 662 746 691 convertere
776 670 834 703 pro
865 658 954 692 libito
984 670 1044 692 sue
1074 659 1264 692 voluntatis.
1297 658 1437 704 Insuper
1467 670 1531 703 ego
1562 659 1710 704 prefatus
1741 658 1846 692 Hinco
1868 661 2025 704 promitto

155 716 215 750 sub
250 719 392 762 puritate
427 716 502 751 fidei
541 722 571 750 et
613 717 760 753 honoris,
807 720 922 753 fraude
963 720 1038 753 dolo
1078 719 1277 765 quibuslibet
1309 720 1539 765 procnlmotis
1582 720 1677 753 dietis
1707 722 1790 753 meis
1820 719 2026 765 emptoribus

154 777 283 822 prefata
322 777 407 811 hona
447 777 630 823 exbrigare
669 778 826 813 libertare
865 780 904 813 ab
945 783 1169 826 impeticione.
1214 784 1473 826 inquietacione.
1518 781 1754 825 impedimento
1793 781 2027 825 qualit-nmque

154 838 329 872 cuiuslibet
359 839 513 881 hominis,
546 850 607 872 nee
638 851 703 873 non
733 839 927 874 Judeorum.
958 845 1030 875 sine
1061 845 1208 887 ipsorum
1240 841 1384 887 quolibet
1417 841 1572 887 dampno.
1599 842 1695 885 juxta
1717 846 1828 875 tamen
1850 852 2026 875 eoinunem

155 898 412 944 disbrigacionis
441 911 574 934 rursum
605 903 637 933 in
667 905 755 934 terra
786 901 940 936 Moravie
970 902 1041 935 lieri
1072 902 1203 935 solitum
1235 907 1267 935 et
1297 906 1504 935 consuetum.
1566 901 1648 935 Nam
1679 905 1706 935 si
1735 913 1798 947 que
1828 905 1858 935 in
1889 902 2027 947 prefatis

155 959 250 994 bonis
279 960 357 993 dicti
386 965 557 1005 emptores
587 964 650 994 mei
680 965 891 1007 perciperent
922 963 1062 1008 dampna
1094 963 1135 995 ob
1166 963 1413 1007 negligenciam
1445 962 1703 1006 disbrigacionis
1734 974 1808 996 mee
1830 974 1889 1008 per
1908 965 2025 995 missas

153 1023 370 1054 nuncciorurn
400 1021 596 1066 legaciones
626 1027 679 1055 aut
711 1023 932 1067 quovismodo
963 1023 1139 1069 probabili,
1170 1035 1213 1057 ex
1244 1029 1319 1057 tnnc
1350 1025 1391 1056 (lo
1413 1026 1492 1069 ipsis
1513 1026 1596 1057 meis
1617 1022 1822 1069 emptoribus
1842 1023 2025 1069 plenariam

153 1086 366 1127 pot-estatem,
397 1082 514 1116 eadem
545 1083 686 1128 dampna
717 1087 918 1128 conquirere
947 1088 1104 1129 repetere
1133 1095 1193 1129 per
1222 1096 1258 1118 se
1280 1088 1369 1129 ipsos
1391 1089 1444 1117 aut
1466 1087 1706 1129 cuiuscumque
1727 1084 1831 1117 czude
1852 1083 2025 1119 officiales.

154 1154 214 1188 per
252 1154 311 1177 eos
348 1144 388 1177 ad
429 1143 491 1177 hec
521 1146 712 1189 requisitos,
756 1147 786 1177 in
817 1145 970 1178 omnibus
1001 1148 1082 1179 meis
1114 1145 1209 1179 bonis
1240 1145 1417 1179 mobilibus
1447 1149 1479 1178 et
1508 1144 1720 1178 inmobilibus
1751 1148 1813 1178 iam
1845 1144 1963 1177 habitis
1994 1148 2026 1177 et

152 1207 185 1238 iu
214 1204 325 1238 futuro
355 1204 528 1248 habituris„
559 1209 630 1238 sine
661 1216 735 1239 meo
766 1218 805 1239 ac
834 1209 978 1239 omnium
1010 1217 1159 1240 meorum
1191 1217 1426 1240 successorum
1449 1205 1697 1250 impedimento.
1721 1205 1755 1238 Si
1778 1210 1886 1238 autem
1909 1209 2024 1238 contra

154 1269 338 1312 prescripta
369 1271 423 1300 aut
452 1277 552 1300 unum
583 1277 699 1300 eorum
730 1268 965 1312 personaliter.
1009 1272 1063 1300 aut
1093 1278 1152 1312 per
1183 1269 1413 1312 interpositam
1443 1269 1578 1299 nomine
1609 1277 1682 1299 meo
1713 1277 1892 1311 personam
1923 1266 2024 1311 quid-

155 1329 242 1373 piam
271 1330 430 1361 contrarii
460 1327 567 1361 verbo
596 1332 651 1361 aut
682 1327 769 1361 facto
801 1331 1083 1373 attemptaverim.
1113 1328 1199 1373 quod
1232 1327 1327 1361 absit.
1359 1331 1482 1360 extunc
1514 1338 1566 1360 me
1587 1326 1692 1360 oll'ero
1714 1329 1837 1360 virtute
1858 1329 2023 1372 presentis

153 1391 268 1434 scripti
303 1387 366 1422 fide
404 1393 437 1422 et
472 1388 601 1422 honore
638 1391 777 1434 privari.
835 1388 871 1421 In
907 1392 1000 1422 cuius
1039 1391 1087 1421 rei
1126 1391 1349 1422 testimonium
1390 1392 1421 1420 et
1452 1390 1586 1420 maioris
1616 1386 1748 1420 roboris
1778 1386 2022 1420 firmamentum

154 1449 312 1494 sigillum,
355 1449 512 1483 videlicet
552 1460 660 1483 meum
700 1454 731 1483 et
767 1449 804 1482 acl
845 1460 964 1494 preces
1001 1460 1092 1482 ineas
1131 1448 1249 1482 nobilis
1284 1449 1407 1482 domini
1436 1448 1600 1482 Johannis
1631 1448 1672 1481 (le
1702 1447 1962 1492 Lenchtenhurg
1991 1452 2022 1480 et

156 1511 278 1544 domiui
315 1513 347 1544 in
383 1510 531 1544 lVethou
570 1510 781 1556 presentibus
819 1515 867 1543 est
906 1521 1100 1556 appensum.
1158 1510 1279 1543 Datum
1318 1520 1405 1543 anno
1436 1510 1612 1543 millesimo
1643 1511 1880 1542 trecentesimo
1910 1519 2024 1542 nona-

154 1573 284 1615 gesimo
313 1575 446 1605 octavo.

464 1684 556 1719 (Orig.
583 1686 664 1719 Perg⁴
691 1685 708 1710 2
734 1685 759 1710 h.
786 1685 843 1719 Sig.
869 1685 895 1710 in
921 1685 975 1710 «len
1000 1684 1229 1710 altsta'ndischen
1255 1684 1347 1709 Acten
1372 1684 1422 1709 des
1447 1684 1536 1710 miilir.
1563 1682 1860 1717 Laudes-Archives.)

1030 1883 1137 1917 50⁴.

152 1961 302 2004 Johann,
334 1961 485 2006 Bisa-leof
507 1973 572 1995 ron
602 1961 797 2005 Leitomys'l,
828 1961 983 2003 lwlfennt,
1015 1962 1095 1994 dass
1124 1961 1179 1993 die
1211 1961 1478 2004 Fompeusatz'om
1504 1961 1563 1993 des
1584 1960 1707 1993 Zinses
1730 1972 1792 1993 ram
1812 1959 1836 1993 8
1858 1960 2018 1993 [laurera

150 2024 185 2056 in
223 2022 428 2057 Landsltron
467 2024 534 2057 und
571 2024 625 2056 die
662 2023 892 2067 Emeum-ems]
930 2023 991 2055 cler
1033 2021 1194 2055 Urlmmle
1232 2022 1307 2054 delo.
1344 2020 1374 2054 1.
1405 2021 1489 2054 Jeme?
1518 2020 1617 2054 1393
1646 2022 1900 2065 staltqefmeden
1931 2020 2020 2053 lmbe

425 2076 427 2078 ,
877 2095 930 2117 am
962 2084 994 2116 7.
1026 2083 1160 2116 ,Ιιὶηηεν
1194 2081 1299 2115 1399.

307 2161 502 2216 <lohannes
545 2181 597 2215 dei
641 2186 673 2215 et
715 2181 898 2227 apostolice
934 2180 1022 2213 sellis
1061 2181 1174 2223 gracia
1211 2181 1388 2223 episcopus
1424 2177 1700 2211 Luthomislensis
1743 2181 1806 2210 etc.
1846 2178 1931 2211 Acta
1971 2181 2016 2210 est

151 2246 298 2287 pretacta
336 2242 514 2276 translacio
551 2245 742 2276 monasterii
782 2253 869 2275 anno
908 2242 1152 2274 incarnacionis
1190 2239 1312 2272 domini
1346 2236 1501 2271 MOCCO'
1530 2240 1749 2282 nonagesimo
1780 2236 1843 2271 ΙΙΙ0
1871 2240 1902 2270 in
1934 2236 2019 2269 festo

152 2307 267 2337 sancte
304 2308 334 2337 et
365 2304 535 2337 individue
565 2303 772 2337 Trinitatisf·
809 2324 850 2326 —
884 2302 978 2348 (Vnt.
1010 2313 1040 2335 n.
1078 2298 1174 2346 155.)
1206 2299 1310 2332 lluius
1339 2303 1449 2332 aulem
1480 2298 1575 2331 litere
1605 2301 1784 2331 innovaeio
1814 2302 1912 2343 atque
1942 2302 2018 2330 octo

152 2364 424 2398 domnncularum
455 2364 626 2409 ‹leposicio
657 2375 730 2397 cum
761 2365 1081 2409 recompensacione
1112 2370 1233 2393 census
1263 2370 1375 2392 earum
1407 2359 1494 2392 facta
1525 2363 1575 2392 est
1604 2369 1691 2393 anuo
1722 2359 1844 2392 domini
1865 2356 2020 2392 MOCCCO

149 2427 370 2469 nonagesimo
400 2436 488 2457 nono
518 2424 600 2458 feria
631 2424 675 2458 ΙΙΙ
704 2429 777 2470 post
807 2423 1017 2469 epiphaniam
1039 2423 1160 2455 ‹lomini
1182 2420 1359 2453 salvatoris
1393 2419 1428 2452 In
1450 2430 1588 2464 quorum
1610 2423 1755 2452 omnium
1779 2422 2016 2464 premissorum

149 2485 275 2519 firmius
322 2484 424 2525 robur
471 2489 503 2518 et
544 2487 768 2518 testimonium
812 2484 918 2529 sigilla
963 2484 1084 2517 ‹lomini
1128 2483 1275 2527 episcopi
1322 2485 1353 2513 ct
1400 2483 1545 2514 civitatis
1592 2480 1758 2513 antedicte
1806 2478 2017 2524 presentibus

149 2551 223 2581 sunt
253 2557 411 2592 appensa.

464 2658 581 2694 (ssweite
607 2658 825 2684 Zusatzklansel
850 2667 900 2683 zur
926 2658 1063 2683 Frkuude,
1088 2667 1114 2684 n.
1143 2655 1226 2690 155.)
