2313 3090
1026 183 1071 217 19

112 293 182 324 eius
211 293 366 324 noticiam
397 290 595 324 devenerint
625 294 658 323 et
686 292 865 334 requisitus
896 289 994 322 fuerit
1022 288 1109 322 idem
1139 288 1231 322 Crux
1260 291 1290 321 in
1318 287 1469 321 Romana
1499 290 1590 321 curia
1612 287 1834 332 personaliter
1855 298 1984 332 appre-

111 350 247 390 hensus.
286 355 320 384 ut
357 353 428 397 ipse
463 353 712 397 possessionem
749 350 836 384 dicte
865 361 974 384 annue
1002 351 1173 396 pensionis
1203 348 1340 383 liberam
1371 353 1402 382 et
1432 348 1623 395 expeditam
1654 359 1693 381 ac
1722 358 1864 381 vacuam
1894 348 1982 382 dicto

110 412 243 445 domino
282 411 466 446 Wilhelmo
505 414 668 445 canonico
707 411 792 445 infra
831 414 1007 445 terminum
1047 413 1080 444 in
1119 410 1205 444 dicto
1244 415 1359 444 nostro
1389 420 1551 455 processu
1581 413 1773 442 contentum
1804 409 1984 443 dimitteret

109 472 245 506 realiter
274 477 305 506 et
335 484 408 506 cum
440 472 571 515 effectu,
603 484 641 506 ac
671 472 711 506 ab
741 475 843 518 ipsius
873 474 1102 518 occupacione
1132 476 1164 505 et
1193 471 1392 504 detencionc
1421 474 1454 504 et
1482 472 1706 516 percepcione
1732 469 1817 502 infra
1839 469 1981 503 eundem

109 536 284 568 terminum
321 533 457 567 cederet
493 537 524 566 et
560 537 710 566 cessaret
740 532 868 578 sibique
905 533 946 566 de
975 543 1083 566 annua
1114 535 1276 577 pensione
1305 543 1343 565 ac
1374 530 1534 564 fructibus
1565 533 1732 576 perceptis
1762 534 1793 563 et
1823 533 1982 576 expensis

107 594 266 640 predictis
294 597 365 640 ipse
395 593 487 628 Crux
516 593 739 631 satisfaceret.
770 598 866 639 prout
896 595 936 628 de
966 594 1031 628 hiis
1060 596 1092 627 in
1122 595 1349 626 instrumentis
1373 591 1513 638 publicis
1534 591 1609 625 inde
1630 591 1793 624 confectis
1815 596 1844 624 et
1867 602 1980 624 coram

107 654 203 689 nohis
231 655 401 701 productis
430 655 583 700 liquidius
614 659 763 701 apparet.
793 658 824 687 et
845 655 1089 701 subsequenter
1109 656 1338 688 insinuacione
1359 657 1391 686 et
1411 652 1645 686 notificacione
1666 651 1762 685 factis
1783 654 1981 697 terminique

106 715 293 762 prefixione
333 720 364 749 et
402 719 638 761 assignacione
676 718 706 749 in
738 716 824 749 dicto
864 721 979 750 nostro
1013 725 1175 762 processu
1206 717 1370 747 contentis
1400 718 1506 747 stante
1537 718 1568 747 et
1598 714 1749 748 durante.
1780 724 1980 758 quamquam

105 780 178 823 ipse
216 775 308 811 Crux
347 787 460 810 coram
500 776 595 810 nobis
634 777 856 823 personaliter
894 780 1091 811 constitutus
1129 778 1322 821 exposuerit
1363 780 1393 809 et
1423 779 1625 820 protestatus
1656 774 1754 808 fuerit
1784 778 1816 807 et
1845 774 1978 808 dixerit.

107 837 193 883 quod
223 837 386 871 mandatis
415 837 619 883 apostolicis,
650 836 893 871 monicionibus
923 842 952 871 et
983 839 1151 883 preceptis
1181 835 1387 869 obedivisset
1417 840 1447 869 et
1487 840 1609 869 extunc
1639 837 1670 868 in
1700 839 1798 868 antea
1829 834 1981 869 obediret

104 902 137 932 et-
164 898 303 932 obedire
320 898 433 942 vellet,
463 901 568 945 ipsam
597 902 849 945 possessionem
881 899 967 933 dicte
997 909 1105 931 annue
1134 899 1305 943 pensionis
1335 897 1512 930 dimitteret
1543 901 1575 930 et
1605 900 1728 930 extunc
1759 896 1799 929 de
1831 899 1979 942 presenti

102 959 254 1003 liberam.
275 970 417 994 vacuam
448 964 479 993 et
509 959 699 1005 expeditam
731 959 818 993 dicto
849 960 982 993 domino
1003 958 1188 992 wilhelmo
1210 957 1438 1002 Kortelangen
1469 960 1603 991 omnino
1634 957 1767 990 dimisit.
1799 961 1829 990 et
1851 956 1977 990 nichil—

103 1023 233 1054 ominus
262 1023 333 1067 ipse
363 1019 455 1055 Crux
483 1020 523 1054 ad
553 1024 668 1054 sancta
698 1020 751 1054 dei
781 1020 957 1065 evangelia
992 1021 1218 1054 sacrosanctis
1239 1021 1412 1064 scripturis
1434 1018 1655 1064 corporaliter
1675 1021 1874 1051 manutactis
1895 1022 1926 1051 et
1947 1021 1978 1051 in

102 1081 255 1116 manibus
292 1084 416 1116 nostris
453 1084 673 1116 iuramentum
712 1084 867 1128 prestitit.
907 1081 993 1127 quod
1033 1081 1154 1114 dictum
1190 1079 1359 1113 dominum
1389 1079 1607 1113 Wilhelmnm
1638 1078 1693 1112 vel
1723 1083 1979 1124 procuratorem

102 1153 161 1176 seu
190 1147 430 1189 procuratores
468 1154 546 1177 suos
584 1153 644 1189 pro
682 1153 722 1176 eo
760 1145 792 1176 in
830 1142 940 1188 aliquo
979 1153 1080 1188 super
1117 1141 1203 1177 dicta
1242 1152 1350 1175 annua
1381 1143 1543 1187 pensione
1582 1144 1614 1173 et
1652 1142 1722 1173 eius
1761 1142 1978 1185 possessione

101 1206 133 1238 in
170 1203 260 1238 nullo
298 1203 492 1238 molestaret
530 1207 561 1237 et
590 1214 700 1249 neque
738 1214 798 1250 per
836 1214 873 1237 se
902 1203 957 1237 vel
987 1203 1085 1237 alium
1117 1215 1177 1238 seu
1206 1202 1288 1236 alios
1317 1213 1377 1248 pro
1407 1211 1448 1234 eo
1476 1203 1509 1234 in
1539 1204 1635 1234 antea
1665 1200 1846 1234 molestare
1877 1200 1979 1234 vellet

99 1263 208 1298 verbo
246 1264 302 1298 vel
339 1267 371 1298 in
409 1267 542 1310 scriptis
580 1264 707 1298 directe
746 1264 801 1298 vel
838 1264 1012 1298 indirecte.
1043 1265 1119 1309 jure
1153 1264 1208 1298 vel
1239 1264 1279 1297 de
1309 1263 1409 1297 facto.
1440 1261 1571 1308 publice
1601 1261 1655 1294 vel
1685 1260 1827 1296 occulte.
1858 1261 1915 1295 sed
1947 1264 1977 1295 in

100 1325 252 1359 omnibus
290 1330 322 1359 et
357 1336 418 1371 per
456 1328 566 1359 omnia
605 1324 793 1359 observare
832 1329 863 1358 et
893 1324 1129 1359 inviolabiliter
1157 1324 1345 1358 huiusmodi
1375 1322 1436 1357 sibi
1467 1323 1620 1356 mandata
1651 1322 1844 1368 adimplere.
1904 1322 1978 1368 Ipse

100 1391 210 1420 tamen
253 1385 345 1420 Crux
387 1389 509 1433 spretis
547 1385 665 1420 litteris
709 1385 901 1432 apostolicis
940 1389 1157 1429 executoriis.
1201 1383 1457 1428 monicionibus.
1503 1383 1677 1417 mandatis.
1721 1385 1904 1417 sentenciis
1947 1388 1977 1416 et

99 1447 362 1482 execucionibns
399 1450 604 1482 memoratis.
639 1450 701 1493 ipsi
737 1447 872 1481 domino
909 1447 1092 1481 wilhelmo
1130 1446 1360 1491 Kortelangen
1400 1447 1535 1478 minime
1574 1444 1614 1477 de
1644 1443 1831 1477 huiusmodi
1868 1455 1975 1477 annua

97 1511 260 1554 pensione
288 1510 457 1555 perceptis
486 1513 518 1542 et
547 1511 706 1554 expensis
736 1509 937 1554 supradictis
967 1508 1163 1543 satisfacere
1193 1519 1252 1542 seu
1278 1506 1432 1541 satisfieri
1454 1516 1639 1552 procurare
1663 1509 1779 1538 contra
1813 1507 1977 1550 premissa

97 1570 265 1604 veniendo
295 1572 437 1613 curavit.
467 1575 565 1616 prout
594 1569 681 1603 idem
711 1569 864 1604 dominus
895 1569 1097 1603 Wilhelmus
1126 1568 1221 1603 nobis
1251 1569 1431 1613 legitimam
1464 1567 1541 1600 fecit
1570 1566 1681 1600 fidem.
1716 1565 1858 1612 Propter
1890 1566 1976 1611 quod

96 1641 162 1665 non
201 1631 261 1664 fuit
297 1642 361 1665 nec
397 1635 447 1665 est
485 1629 630 1673 dubium.
671 1629 813 1664 Crucem
844 1629 976 1664 Alberti
1015 1631 1055 1664 de
1086 1629 1232 1676 Czirnyn
1272 1628 1473 1663 antedictum
1504 1633 1535 1661 et
1569 1627 1651 1661 alios
1680 1626 1919 1661 inobedientes
1949 1631 1979 1660 et

98 1691 242 1726 rebelles
271 1692 480 1738 supradictos
510 1695 876 1726 excommunicacionis
905 1694 1111 1726 sentenciam
1142 1693 1335 1726 incurrisse.
1366 1689 1406 1723 Et
1437 1688 1556 1723 deinde
1586 1688 1707 1722 fuimus
1729 1699 1790 1733 per
1810 1686 1977 1733 prefatum

98 1753 265 1787 dominum
296 1752 513 1788 Wilhelmum
544 1753 775 1799 Kortelangen
805 1756 1002 1787 canonicum
1033 1764 1106 1787 cum
1138 1755 1299 1786 instancia
1330 1750 1439 1785 debita
1469 1752 1631 1795 requisiti.
1661 1754 1693 1783 ut
1719 1749 1759 1783 ad
1780 1748 1976 1782 ulteriorem

97 1817 341 1849 execucionem
378 1815 567 1861 procedere
603 1820 635 1849 et
664 1815 786 1848 dictum
817 1819 966 1848 nostrum
998 1824 1193 1860 processum
1225 1817 1341 1846 contra
1370 1811 1535 1858 prefatum
1567 1809 1710 1844 Crucem
1741 1812 1915 1855 ipsiusque
1946 1811 1975 1842 in

96 1875 160 1909 hac
188 1880 282 1922 parte
311 1874 515 1910 adherentes
543 1874 693 1910 fautores
723 1880 755 1909 et
784 1875 929 1909 rebelles
959 1886 1153 1921 aggravare
1182 1873 1311 1920 sibique
1340 1873 1467 1907 litteras
1496 1874 1756 1917 aggravatorias
1777 1881 1881 1916 super
1912 1869 1975 1903 hoc

96 1935 282 1970 decernere
320 1941 351 1970 et
388 1936 579 1971 concedere
607 1937 835 1981 dignaremur.
875 1936 991 1982 Exigit
1019 1939 1131 1982 igitur.
1161 1940 1195 1969 ut
1223 1945 1464 1981 perversorum
1495 1933 1634 1966 audacia
1663 1935 1760 1966 unica
1790 1942 1875 1978 pena
1908 1942 1973 1964 non

96 2001 328 2032 contentorum
365 2008 439 2031 cum
466 2002 642 2032 crescente
671 2000 881 2031 contumacia
919 2009 1077 2032 crescere
1107 1996 1225 2031 debeat
1255 2001 1287 2030 et
1315 2007 1413 2041 pena.
1443 1998 1540 2040 prout
1569 1996 1662 2027 vires
1691 1992 1847 2027 attribute
1878 1991 1974 2026 nobis

95 2061 268 2104 potestatis
292 2063 491 2104 exposcunt.
531 2059 713 2093 auxiliante
743 2059 876 2092 domino
907 2058 1017 2092 debite
1046 2058 1238 2092 refrenetur
1267 2061 1297 2090 et
1327 2056 1468 2098 ledatur.
1498 2055 1683 2101 predictum
1712 2063 1909 2100 processum
1943 2057 1976 2085 et

95 2122 285 2153 sentencias
313 2130 374 2166 per
403 2130 476 2163 nos,
507 2124 540 2153 ut.
568 2123 780 2165 premittitur,
811 2124 926 2153 contra
956 2119 1122 2165 prefatum
1144 2118 1285 2152 Crucem
1317 2122 1348 2151 et
1379 2126 1596 2162 quoscunque
1625 2114 1707 2148 alios
1742 2117 1773 2148 in
1795 2113 1857 2147 hac
1880 2117 1974 2159 parte

95 2180 360 2214 contradictores
397 2185 427 2214 et
467 2179 611 2214 rebelles
648 2180 732 2214 latas
771 2185 803 2214 et
840 2180 1070 2226 promulgatas
1107 2182 1199 2213 iuxta
1229 2181 1333 2213 vires.
1372 2177 1512 2212 formam
1553 2181 1584 2210 et
1619 2180 1769 2210 tenorem
1802 2175 1970 2208 literarum

94 2240 351 2286 apostolicarum
382 2241 605 2287 predictarum
634 2241 743 2284 nobis.
776 2246 807 2274 ut
836 2243 1037 2287 premittitur
1066 2241 1280 2283 directarum.
1320 2240 1474 2273 duximus
1505 2236 1759 2282 aggravandum
1794 2240 1824 2269 et
1855 2240 1972 2268 tenore

93 2303 298 2347 presentium
328 2313 557 2347 aggravamus
586 2305 617 2336 in
647 2302 710 2336 hiis
740 2305 883 2348 seriptis.
916 2302 948 2336 Id
980 2304 1071 2335 circo
1101 2304 1299 2336 auctoritate
1329 2299 1524 2346 apostolica.
1555 2309 1617 2344 qua
1650 2297 1821 2341 fungimur
1851 2298 1881 2328 in
1909 2295 1971 2328 bac

93 2366 199 2408 parte,
243 2373 305 2396 vos
348 2373 465 2397 omnes
507 2366 539 2396 et
576 2363 727 2408 singulos
764 2363 974 2397 reverendos
1011 2367 1122 2409 patres
1166 2367 1198 2395 et
1236 2362 1388 2395 dominos
1431 2359 1736 2405 archiepiscopum.
1780 2360 1969 2402 episcopos.

93 2422 242 2462 abbates.
273 2425 403 2469 priores
436 2451 442 2457 .
475 2452 480 2457 .
514 2452 520 2458 .
554 2452 560 2457 .
591 2435 776 2470 omnesque
805 2424 888 2458 alios
917 2427 1010 2458 viros
1041 2423 1291 2457 ecclesiasticos
1321 2421 1529 2467 supradictos
1565 2424 1595 2453 et
1617 2423 1765 2452 vestrum
1791 2416 1970 2463 quemlibet

92 2487 210 2518 tenore
239 2487 452 2529 presencium
483 2487 601 2530 prim0.
631 2485 793 2528 secundo.
824 2487 928 2519 tercio
960 2489 990 2518 et
1021 2486 1248 2530 peremptorie
1277 2485 1479 2528 requirimus
1500 2485 1530 2514 et
1552 2490 1728 2514 monemus
1749 2481 1973 2512 communiter

92 2549 124 2578 et
153 2544 285 2579 divisim
318 2543 479 2589 vobisque
510 2549 540 2577 ct
571 2550 719 2579 vestrum
751 2545 883 2579 cuilibet
914 2549 945 2579 in
976 2548 1098 2579 virtute
1128 2548 1243 2579 sancte
1273 2543 1470 2576 obediencie
1501 2545 1530 2573 et
1552 2539 1612 2574 sub
1634 2541 1729 2585 penis
1751 2538 1971 2584 infrascriptis

91 2605 240 2639 districte
269 2604 486 2651 precipiendo
516 2605 724 2649 mandamus.
755 2606 848 2639 salva
879 2610 988 2639 tamen
1020 2606 1258 2639 moderacione
1289 2604 1499 2648 infrascripta
1531 2604 1619 2635 circa
1651 2600 1821 2646 predictos
1851 2598 1968 2633 archi-

91 2668 285 2711 episcopum
315 2669 347 2698 et
377 2667 566 2711 episcopos.
597 2670 760 2710 quatenus
790 2669 898 2699 statim
930 2669 1009 2699 visis
1038 2664 1250 2711 presentibus
1281 2664 1365 2697 infra
1396 2674 1456 2696 sex
1484 2662 1565 2696 dies.
1597 2665 1770 2707 postquam
1793 2672 1852 2706 pro
1874 2665 1967 2706 parti·

1799 2722 1836 2747 3}
