2313 3090
1030 345 1135 380 433,

150 419 219 454 Die
248 419 499 454 ΠοιηίηίΙιάηει·
529 422 559 453 ῖη
590 420 709 454 Briimt
741 421 914 465 (ἰ-ΙιἸίῑιέη,
945 424 1026 456 dass
1054 424 1105 456 sie
1135 434 1207 456 rom
1230 423 1503 457 Xonnenlflosler
1524 423 1685 468 Herbarq
1707 425 1739 457 in
1763 423 1880 457 Βνίιῖηη
1912 425 2012 457 einen

151 480 249 515 Lalm
278 482 310 514 ile
340 480 532 514 Birnbaum
561 481 740 524 erhiellen,
772 484 881 527 erofilr
909 484 960 516 sie
989 483 1061 516 siclt
1091 483 1322 528 rerpslickten,
1350 486 1409 528 fiir
1429 484 1484 517 die
1505 483 1647 518 Νοηηεη
1669 486 1769 517 einen
1790 483 2017 518 Bez'cltlraler

411 553 451 574 Ζ-ιι
481 541 643 575 bestellen
675 544 742 576 ami
770 544 824 577 {lie
858 543 1005 578 Oblaten
1035 556 1075 578 za
1105 544 1240 588 liefern.
1272 544 1330 578 Dt.
1363 544 1422 579 28.
1457 544 1606 579 October
1638 544 1746 579 1397.

306 617 395 671 Nos
428 636 575 671 Jacobus
615 638 655 671 de
694 639 839 684 Antiqua
870 638 1015 681 Brunnaq
1045 645 1185 686 protunc
1214 642 1316 685 prior,
1348 639 1463 673 Petrus
1493 640 1598 673 dictus
1628 639 1819 686 prepositus
1848 639 2014 685 subprior.

151 697 293 733 Mathias
330 698 447 740 lector,
478 697 650 732 Johannes
689 699 729 733 de
767 700 935 746 Auspoez,
967 700 1129 734 Martinus
1158 701 1285 743 wilde,
1315 700 1579 735 Wenezesstaus
1608 704 1825 744 sacristanus,
1855 700 2015 735 Nicolaus

151 758 269 802 Albus,
291 758 426 794 Marcus
447 759 711 794 VVenczesslaus
730 760 938 794 caldarcator
958 766 989 795 et
1011 764 1115 795 ceteri
1136 761 1257 795 fratres
1273 764 1426 795 seniores
1443 766 1597 807 totusque
1615 766 1802 796 conventus
1820 763 2013 795 monasterii

151 823 256 855 sancti
283 819 496 864 Michahelis,
527 820 652 854 ordinis
682 820 930 855 predicatorum
961 824 991 855 in
1021 821 1168 865 Brunna,
1200 821 1433 856 Olomucensis
1463 823 1618 863 diocesisS
1649 827 1766 856 tenore
1804 824 2016 868 presencium

151 883 319 916 universis
357 884 634 926 recognoscimus
671 886 734 915 tam
774 882 984 928 presentibus
1014 894 1113 927 quam
1142 882 1272 916 futuris.
1305 882 1391 927 quod
1421 885 1532 916 animo
1563 882 1758 926 deliberato,
1789 895 1827 917 ac
1856 883 1896 916 de
1926 887 2017 916 certa

152 946 266 977 nostra
291 945 450 980 sciencia„
470 945 561 988 prius
583 945 669 976 iuter
699 954 758 976 nos
788 943 1013 988 capitulariter
1043 946 1226 977 masticato.
1258 955 1389 977 necnon
1420 944 1459 977 de
1490 954 1658 977 consensu
1687 949 1716 977 et
1738 943 1825 978 bona
1846 944 2018 978 voluntate

152 1002 357 1037 venerabilis
392 1007 497 1049 patris
533 1003 674 1047 Nic-olai,
711 1005 926 1050 provincialis
956 1007 1060 1038 nostri
1090 1005 1214 1038 ordinis
1244 1016 1304 1050 per
1332 1003 1503 1038 Boemiam
1535 1009 1567 1038 et
1594 1004 1794 1048 Moraviam,
1825 1016 1926 1050 super
1955 1004 2019 1038 hoc

154 1063 303 1109 diligenti
336 1067 565 1098 ruminacioue
603 1064 787 1110 prehabita.
827 1070 963 1111 propter
994 1065 1126 1098 laneum
1156 1076 1314 1109 agrorum
1345 1069 1377 1098 et
1406 1064 1558 1099 omnihus
1587 1068 1656 1099 suis
1685 1068 1899 1111 pertinenciis
1930 1064 2018 1107 (sict,

155 1136 228 1158 cum
265 1136 330 1158 una
365 1125 525 1159 curticula
562 1128 594 1159 in
629 1125 711 1159 villa
747 1124 912 1171 Pirpawm
951 1137 1056 1171 prope
1086 1128 1255 1159 civitatem
1285 1125 1516 1159 Nawssadliez
1546 1128 1714 1159 situatum.
1746 1125 1840 1160 nobis
1870 1130 1902 1159 et.
1931 1136 2019 1159 con-

154 1188 269 1219 ventui
304 1190 420 1220 nostro
456 1186 608 1232 predicto
637 1198 654 1220 a
684 1186 852 1231 religiosis
883 1189 913 1220 in
944 1186 1076 1220 Christo
1106 1185 1294 1231 virginibus
1324 1189 1518 1220 monasterii
1547 1185 1643 1219 beate
1673 1185 1779 1220 Marie
1809 1189 1950 1231 virginis
1979 1186 2018 1219 ad

154 1246 350 1293 Herborgas
386 1250 419 1281 in
453 1246 588 1281 Brunna
628 1246 731 1281 libere
770 1248 878 1280 (latum
919 1252 951 1281 et
980 1248 1257 1283 condescensunn
1288 1251 1383 1292 prout
1415 1249 1446 1280 in
1476 1246 1592 1280 litteris
1622 1246 1682 1279 sub
1712 1247 1828 1291 sigillis
1858 1249 2019 1292 priorisse

155 1313 187 1343 et
224 1313 412 1342 conventus
451 1320 566 1342 earum
605 1307 700 1342 nobis
740 1308 883 1353 desuper
922 1308 1071 1341 datarum
1110 1307 1206 1353 (sies).
1247 1308 1384 1341 lucidius
1422 1310 1630 1349 eontinetur3
1668 1320 1686 1340 e
1725 1312 1839 1340 eontra
1869 1310 2021 1351 virgines

154 1369 288 1404 easdem
319 1374 352 1403 et
381 1380 497 1403 earum
527 1373 729 1403 conventum
760 1380 777 1402 a
807 1369 910 1402 trihus
941 1369 1070 1411 modiis,
1101 1379 1165 1401 uno
1196 1368 1353 1402 videlicet
1382 1370 1492 1409 tritici,
1523 1368 1672 1401 secundo
1701 1368 1841 1412 siliginis
1863 1372 1894 1401 et
1915 1370 2020 1401 tercio

154 1441 275 1474 avene,
312 1441 396 1476 quos
433 1429 529 1464 nobis
567 1435 599 1464 et
633 1433 813 1464 conventui
853 1434 966 1463 nostro
997 1432 1115 1475 priscis
1145 1428 1350 1474 temporibus
1380 1440 1544 1462 censuare
1574 1432 1668 1462 aunis
1698 1429 1836 1473 singulis
1866 1439 2020 1462 consue-

155 1495 288 1533 verunt,
326 1490 366 1525 ab
405 1494 483 1537 ipsis
523 1491 640 1525 modiis
678 1491 907 1525 libet-[avimus
944 1491 1127 1524 dimisimus
1157 1494 1187 1523 et
1217 1493 1340 1523 virtute
1370 1492 1580 1535 presencium
1612 1489 1816 1525 lihertamus.
1848 1489 1948 1522 nichil
1979 1488 2019 1522 al)

155 1555 247 1598 ipsis,
277 1564 341 1597 que
370 1564 458 1586 nunc
487 1557 561 1586 sunt
591 1557 623 1586 et
651 1564 668 1585 a
700 1555 842 1598 posteris
872 1563 997 1585 earum.
1029 1563 1093 1595 que
1124 1562 1183 1596 pro
1213 1555 1364 1596 tempore
1394 1550 1527 1591 suerum
1558 1550 1729 1596 postulare
1759 1549 2021 1594 necquidquam

155 1613 357 1660 peramplius
395 1617 536 1658 exigere
565 1613 719 1647 volumus
755 1616 785 1646 in
822 1618 982 1646 eternum.
1024 1611 1256 1645 promittentes
1296 1613 1432 1656 insuper
1462 1610 1545 1643 bona
1576 1615 1689 1643 nostra
1720 1609 1795 1644 lide.
1826 1613 1914 1644 omni
1946 1610 2022 1644 dolo

155 1679 188 1709 et
230 1675 485 1709 machinacione
527 1674 747 1718 cessantibus,
792 1686 851 1720 pro
895 1673 989 1707 nobis
1032 1678 1063 1706 et
1105 1671 1258 1706 omnibus
1300 1670 1554 1704 successorihus
1598 1674 1720 1704 nostris
1760 1671 1881 1716 prelati
1918 1673 2023 1704 nostri

157 1739 350 1770 monasterii
389 1747 490 1769 unum
528 1736 684 1769 idoneum
722 1739 753 1768 et
783 1735 961 1768 discretum
993 1734 1129 1767 fratrem
1161 1744 1178 1765 a
1208 1736 1376 1766 conventu
1406 1736 1521 1765 nostro
1551 1732 1700 1777 predicto
1731 1743 1805 1765 cum
1835 1743 1899 1765 uno
1929 1735 2022 1765 socio

159 1797 200 1831 ad
229 1797 428 1831 audiendum
459 1797 707 1831 confessionem
739 1798 989 1842 prenominatus
1019 1796 1172 1833 virgines
1203 1795 1342 1828 tociens.
1374 1795 1533 1837 quociens
1563 1803 1705 1826 neeesse
1737 1792 1844 1826 suerit.
1876 1803 1933 1825 seu
1965 1803 2024 1837 per

156 1857 292 1892 easdem
309 1860 460 1903 virgines
477 1858 532 1891 vel
548 1859 710 1891 nunccios
726 1868 841 1890 eorum
860 1856 1019 1889 fuerimus
1038 1857 1197 1900 requisith
1214 1854 1334 1887 nullam
1358 1855 1388 1886 in
1410 1852 1473 1886 hoc
1494 1853 1738 1897 negligenciam
1762 1855 2021 1887 committentes.

157 1919 381 1953 Attendentes
411 1922 529 1961 eciam,
561 1923 593 1951 et
622 1921 703 1951 iusta
736 1918 956 1951 mellitae-ione
988 1920 1179 1961 pensantes«
1209 1926 1251 1947 ne
1272 1924 1369 1946 error
1388 1912 1428 1945 al)
1450 1912 1640 1947 orthodoxe
1662 1913 1735 1946 lidei
1757 1917 1787 1946 et
1808 1913 2022 1956 negligencia

156 1983 188 2014 in
227 1980 370 2014 ecclesia
409 1979 569 2013 dictarum
609 1981 777 2021 virginum
814 1980 1073 2011 committantur.
1113 1975 1240 2008 oblatas
1271 1984 1369 2019 puras
1408 1977 1441 2005 et
1471 1973 1607 2006 mundas
1638 1984 1697 2019 pro
1727 1973 1892 2006 sacrificio
1923 1973 2024 2006 divini

156 2044 300 2076 numinis
329 2044 421 2087 ipsis7
452 2041 491 2074 ad
522 2052 635 2074 earum
667 2043 902 2074 necessitatem
934 2037 1065 2083 quando
1095 2036 1307 2079 imliguerint.
1341 2033 1466 2078 alisque
1496 2036 1583 2067 (unni
1606 2036 1793 2077 negacione
1815 2038 1846 2067 ct
1866 2036 2024 2078 temporis

158 2105 391 2149 protraccione
430 2102 510 2135 dare
546 2102 702 2135 volumus
732 2105 763 2134 et
794 2100 964 2134 dehemus.
996 2098 1042 2131 Ita
1073 2106 1247 2142 expresse.
1279 2094 1365 2139 quod
1397 2094 1504 2127 nullus
1535 2096 1625 2138 prior
1655 2099 1685 2126 et
1715 2096 1932 2127 sacristanus.
1963 2104 2023 2126 seu

158 2174 298 2209 quorum
328 2166 477 2205 interesh
508 2165 562 2208 qui
592 2166 733 2208 protunc
762 2164 920 2195 existunt.
951 2163 1041 2192 iuxta
1072 2159 1328 2202 requisicicmem
1360 2167 1473 2188 earnm
1508 2154 1569 2187 hoe
1600 2154 1741 2188 habeant
1774 2165 1942 2189 recusare.
1989 2153 2023 2187 ln

158 2235 298 2269 quorum
329 2222 457 2257 lirmum
488 2225 711 2257 testimoninm
743 2227 774 2256 et
805 2224 939 2255 maioris
971 2219 1100 2252 roboris
1131 2218 1316 2250 tirmitatem
1348 2215 1454 2252 sigilla
1487 2220 1599 2247 nostra
1630 2218 1750 2259 prioris
1780 2219 1811 2247 et
1837 2218 2024 2247 conventus

159 2296 197 2319 ac
226 2287 328 2331 patris
357 2284 497 2318 Nicolai.
528 2284 746 2330 provincialis
777 2286 879 2316 nostri
910 2285 1044 2315 racione
1084 2289 1269 2312 consensus
1306 2277 1541 2322 predictorum.
1574 2275 1784 2320 presentibus
1814 2275 1915 2308 literis
1951 2278 2026 2307 sunt

159 2356 318 2392 appensa.
359 2345 477 2378 Datum
517 2356 602 2378 anno
641 2344 763 2377 domiui
801 2343 974 2377 millesimo
1006 2343 1240 2375 trecentesimo
1272 2340 1491 2381 nonagesimo
1521 2339 1675 2381 septimo.
1708 2338 1738 2369 in
1769 2335 1821 2368 (lie
1851 2335 2024 2368 beatorum

159 2406 318 2452 Symonis
348 2410 380 2439 et
408 2404 492 2439 Jude
521 2405 761 2450 apostolorum.

470 2515 562 2552 (oi-ig.
597 2520 677 2550 Porg,
711 2519 760 2543 init
793 2520 808 2542 5:
843 2518 967 2548 :inlr-ing.
1001 2516 1059 2543 sig,
1092 2516 1126 2540 ini
1158 2513 1335 2539 insilirlsvlivu
1374 2511 1607 2536 t1111«11›.÷-A1·1*tiix·
1642 2510 1703 2536 Art.
1739 2510 1867 2533 lirnium-r
1891 2508 2023 2533 .J«›suit‹·11

371 2573 412 2598 nt.
440 2572 494 2606 nli,
520 2572 569 2598 ΧΓ.
596 2572 634 2607 74.
