2313 3090
922 206 1055 259 ἶῖ23323

971 361 1079 396 366.

747 439 803 472 Dt.
836 439 922 472 Rom
954 439 988 473 S.
1019 439 1151 472 dauver
1182 438 1291 472 1397.

246 515 460 568 Bonifacius
478 544 560 579 papa
591 533 648 567 IX.
681 534 809 567 confert
841 534 945 567 altare
975 539 1110 567 sanctae
1140 534 1334 568 Dorotheae
1365 537 1395 567 in
1426 534 1570 580 ecclesia
1600 532 1636 566 B.
1658 531 1786 566 Mariae
1808 531 1957 575 Virginis

88 595 239 642 Opaviae
267 595 389 628 Joanni
417 593 593 628 Merkelim
622 594 822 639 presbxttro
844 594 891 627 Vr
895 595 1099 628 atislaxiensi
1123 606 1183 641 per
1203 594 1326 628 obitum
1348 594 1551 627 Theodorici
1573 593 1613 626 de
1634 592 1797 626 Nassedle
1818 603 1957 625 xacnis.

88 657 175 702 quod
213 655 357 690 Mathias
397 654 438 688 de
475 654 664 687 Petronicz
705 655 744 687 de
779 657 856 698 μιν(
895 655 955 688 sibi
996 661 1189 701 competere
1228 654 1467 701 praetendebat
1507 658 1537 687 et
1568 653 1654 698 qnod
1686 653 1817 686 demum
1848 657 1956 686 tamen

71 716 241 752 ultronee
280 720 441 750 cesserat.
481 714 578 748 Jubet
618 718 729 760 itaque
769 715 960 749 ssonil³1cius
1004 727 1099 762 paaipi.
1144 720 1175 749 ut
1219 715 1384 749 Henricus
1428 714 1620 748 Grnnnhart
1666 714 1706 747 de
1748 712 1957 747 Westcrholt

87 788 264 812 causarum
302 777 414 822 palatii
453 776 627 822 apostolici
665 777 794 809 auditor
832 777 952 810 dictum
991 777 1178 810 ,iohannem
1215 779 1247 809 in
1275 779 1526 821 possessionem
1560 774 1635 807 dicti
1665 774 1777 807 altwiis
1807 774 1950 807 inducat.

88 841 187 872 etiam
216 837 467 872 contradicente
489 839 647 882 episcopo
670 836 885 870 Olomncensi
917 837 968 870 vel
999 838 1143 883 capitulo
1174 837 1226 870 vel
1248 837 1312 870 alio
1342 847 1552 881 quocunqne.
1589 855 1630 858 —
1664 834 1717 868 Di.
1744 834 1852 868 Rome
1873 833 1957 880 apud

87 903 241 933 sanctum
271 897 404 932 Petrum
434 897 490 931 VI.
522 897 599 931 Idus
629 896 804 930 Jannarias
835 897 1045 943 pontificatus
1076 901 1180 931 nostri
1209 908 1296 931 anno
1326 902 1459 930 octavo.

403 1003 495 1037 [Orig.
521 1003 603 1034 Pei-g.
628 1003 763 1029 Bleisiflel
790 1003 825 1027 iin
851 1002 924 1029 olm.
950 1002 1231 1037 Capitel-Archive.)

973 1175 1082 1213 367.

92 1253 278 1297 Nikolaus,
306 1252 458 1297 Bis-cleos
472 1263 535 1286 ron
569 1252 711 1286 Olmeuz.
743 1253 920 1297 bras-tullio!
949 1255 1010 1287 (len
1042 1253 1208 1287 mrisclzeu
1240 1253 1312 1286 dem
1343 1252 1484 1285 Ii'loster
1515 1252 1612 1285 Sam·
1633 1252 1700 1284 nm!
1720 1252 1791 1284 clem
1816 1250 1960 1294 Psoi-rer

335 1315 368 1346 in
399 1313 584 1347 Xeustadtl
609 1313 775 1358 (sefa'llten
808 1313 1092 1358 Seleiedsspruele.
1127 1314 1182 1347 Dt.
1218 1314 1349 1346 Olmatz-
1378 1314 1411 1346 J).
1443 1313 1575 1346 damaet-
1606 1312 1716 1346 1397.

248 1390 426 1443 Ricolaus
455 1410 507 1443 dei
537 1415 568 1443 et
599 1410 782 1455 apostolice
812 1410 901 1443 sedis
931 1413 1045 1454 gracia
1076 1413 1253 1455 episcopus
1284 1408 1519 1442 Oloniucensis
1549 1413 1578 1441 et
1609 1407 1786 1453 capitulum
1813 1407 1960 1440 eiusdem

93 1471 239 1505 ecclesie
261 1470 495 1504 Olomucensis
524 1475 641 1504 tenore
671 1473 882 1516 presencium
906 1474 1185 1515 recognoscimus
1206 1472 1384 1503 universis.
1408 1469 1495 1514 quod
1517 1480 1590 1502 cum
1612 1468 1739 1514 pridem
1760 1466 1963 1501 venerabilis

93 1530 196 1566 abbas
233 1536 266 1564 et
301 1531 450 1576 religiosi
480 1533 544 1565 viri
573 1536 760 1565 conventus
791 1534 984 1565 monasterii
1016 1531 1132 1565 Fontis
1161 1535 1275 1564 sancte
1304 1529 1410 1564 Marte
1440 1533 1471 1563 in
1500 1529 1567 1563 Zar
1596 1528 1776 1573 Progensis
1807 1527 1963 1561 diocesis.

94 1592 220 1627 ordinis
255 1591 502 1635 cisterciensis,
549 1603 593 1626 ex
628 1603 703 1626 una.
741 1598 769 1626 et
811 1593 992 1626 Damianus
1031 1596 1143 1625 rector
1178 1590 1397 1636 parrochialis
1433 1590 1578 1623 ecclesie
1614 1593 1645 1623 in
1686 1589 1782 1622 Nova
1821 1588 1965 1622 Civitate

93 1657 210 1688 nostre
248 1653 406 1699 dyocesis
444 1657 539 1698 parte
578 1664 621 1686 ex
659 1653 775 1686 altera.
811 1664 912 1698 super
950 1652 1145 1697 quibusdam
1185 1651 1334 1684 decimis.
1375 1651 1525 1696 dampnis
1555 1655 1586 1683 et
1617 1653 1793 1684 interesse.
1824 1661 1863 1683 ac
1893 1650 1965 1683 lites

96 1719 128 1748 et
168 1716 381 1759 quesciones.
419 1724 502 1759 quas
531 1718 645 1747 mutuo
674 1712 944 1747 intraveruntsset
975 1717 1061 1747 inter
1089 1724 1125 1746 se
1156 1711 1353 1745 habuerunt.
1385 1722 1498 1745 coram
1530 1714 1630 1744 certis
1655 1710 1834 1755 jndicibus.
1866 1722 1966 1756 snper

97 1773 216 1820 quibus
244 1779 383 1820 propter
411 1773 532 1808 bonum
563 1777 655 1820 pacis
685 1778 715 1807 et
746 1774 927 1807 concordie
957 1777 987 1807 in
1016 1772 1230 1807 honorabiles
1250 1776 1343 1806 viros
1365 1772 1518 1806 dominos
1540 1777 1571 1805 et
1592 1775 1772 1816 magistros
1792 1771 1965 1805 Nicolaum

79 1834 283 1870 'Luthomisl
311 1834 470 1869 arbitrum
501 1840 530 1868 et
561 1835 670 1868 Adam
701 1835 874 1868 doctorem
897 1835 1108 1868 decretorum
1131 1833 1403 1867 archidiaconum
1426 1832 1666 1866 Gradicensem
1688 1832 1963 1878 superat-hinnitu.

96 1896 256 1931 hincinde
285 1901 451 1942 tamquam
482 1899 512 1930 in
542 1896 685 1930 arbitros
715 1908 773 1929 seu
804 1895 996 1929 amicabiles
1026 1897 1283 1940 compositores.
1315 1894 1355 1927 de
1385 1894 1450 1927 alto
1471 1898 1503 1926 et
1523 1893 1623 1927 basso
1644 1892 1704 1926 sub
1726 1904 1809 1938 pena
1833 1893 1965 1925 ‹lucen-

99 1962 208 1992 tarum
238 1968 487 2002 sexagenarum
504 1967 701 2001 (grossorum
723 1960 951 2002 pragensium.
975 1956 1187 1989 concorditer
1207 1957 1509 2000 compromiserunt
1532 1964 1647 1987 eornm
1665 1964 1785 1999 parere
1806 1953 1968 1986 mandatis

99 2023 132 2052 ct
161 2020 470 2064 pronuncciacioni.
501 2020 583 2051 sicut
614 2020 645 2050 in
675 2020 919 2063 compromisso
950 2028 1051 2061 super
1081 2016 1143 2049 hoc
1175 2015 1262 2049 facto
1292 2020 1321 2047 et
1353 2018 1423 2048 eius
1453 2014 1558 2047 l'orma
1589 2014 1718 2059 plenius
1739 2018 1968 2059 expressatnr.

99 2078 140 2113 Et
182 2089 256 2112 cum
299 2083 373 2124 post
415 2077 479 2112 hoc
521 2077 617 2111 nobis
659 2078 933 2124 supplicaverint.
978 2082 1008 2109 nt
1052 2081 1188 2122 propter
1227 2079 1386 2109 maiorem
1427 2075 1625 2108 firmitatem.
1670 2086 1710 2107 eo
1753 2075 1838 2119 quod
1884 2074 1968 2107 idem

99 2139 286 2174 Damianus
327 2150 401 2173 cum
445 2139 588 2173 ecclesia
633 2150 691 2172 sua
729 2143 844 2172 nostre
887 2142 975 2171 esset
1015 2137 1172 2182 dyocesis
1211 2141 1241 2169 et
1277 2135 1538 2179 jurisdiccionis.
1579 2135 1686 2169 eidem
1726 2137 1969 2180 compromisso

101 2202 293 2234 consentire
313 2202 488 2245 ipsumque
508 2203 719 2233 auctorizare
740 2204 772 2232 nt
794 2199 922 2232 valeret
945 2199 1170 2243 dignaremur.
1193 2196 1261 2230 Nos
1283 2200 1392 2241 itaque
1414 2199 1558 2242 ipsarum
1580 2199 1729 2241 parcium
1752 2195 1971 2240 peticionibus

105 2265 271 2305 tamquam
307 2262 407 2305 justis
442 2265 639 2294 annuentes.
679 2263 844 2306 premisso
882 2263 1022 2292 tractatu
1058 2258 1233 2302 sollempni
1271 2257 1391 2290 dictum
1433 2259 1709 2301 cmnpromissnm
1749 2260 1780 2288 ut
1811 2266 1909 2300 snpra
1941 2258 1970 2287 in

103 2332 162 2355 sua
200 2320 308 2355 forma
345 2321 481 2364 factum.
521 2326 651 2366 gratum
691 2326 721 2354 et
761 2325 867 2354 ratnm
907 2319 1079 2361 habentes.
1120 2318 1226 2351 eidem
1266 2316 1477 2362 presentibus
1515 2319 1754 2350 consentimus.
1793 2327 1830 2349 ac
1867 2318 1972 2360 ipsum

104 2380 330 2428 approbamus
367 2386 399 2415 et
437 2385 634 2416 auctoritate
672 2387 785 2416 nostra
826 2381 993 2415 ordinaria
1033 2390 1105 2412 cum
1147 2382 1217 2424 ipso
1257 2378 1398 2423 capitulo
1435 2382 1549 2410 nostro
1592 2376 1803 2422 presentibus
1842 2379 1872 2409 in
1912 2375 1973 2408 hiis

103 2444 236 2488 scriptis
266 2444 522 2476 auctorizamus.
552 2441 589 2476 In
619 2453 759 2487 quorum
790 2444 937 2476 omninm
969 2445 998 2473 et
1021 2440 1227 2484 singulorum
1250 2440 1472 2471 testimoninm
1494 2442 1644 2470 nostruin
1666 2437 1809 2474 sie-illum
1831 2447 1972 2470 unacum

102 2502 213 2548 sigillo
243 2502 322 2536 dicti
352 2502 484 2548 capituli
512 2506 615 2536 nostri
646 2502 687 2536 de
718 2507 830 2536 nostra
863 2506 956 2536 certa
985 2503 1131 2534 sciencia
1162 2497 1373 2545 presentibus
1393 2503 1467 2531 sunt
1488 2509 1648 2543 appensa.
1671 2497 1791 2531 Datum
1812 2502 1841 2530 et
1865 2502 1972 2530 actum

104 2562 267 2598 Olomucz
307 2573 393 2596 anno
430 2562 564 2596 domini.
602 2563 776 2596 millesimo
817 2564 1055 2596 trecentesimo
1095 2562 1314 2605 nonagesimo
1352 2561 1505 2604 septimo.
1542 2558 1728 2591 indiccione
1768 2560 1890 2603 quinta.
1922 2557 1973 2590 ‹lie

102 2634 190 2658 nona
221 2625 348 2657 mensis
374 2624 528 2666 januarii,
560 2622 640 2656 hora
672 2634 758 2657 nona
790 2623 983 2670 velg'aqnasi.
1013 2620 1223 2667 pontificatus
1244 2622 1444 2653 sanctissimi
1466 2621 1497 2652 in
1519 2617 1652 2652 Christo
1673 2621 1775 2664 patris
1796 2623 1826 2651 et
1852 2619 1974 2651 domini

103 2686 208 2718 nostri
238 2683 361 2717 domini
394 2682 556 2716 Bonifacii
587 2683 688 2727 digna
718 2683 769 2716 dei
801 2683 1019 2728 providencia
1050 2692 1135 2727 pape
1164 2683 1240 2714 noni
1272 2690 1360 2712 anno
1392 2678 1451 2712 Vll
1482 2678 1692 2724 presentibus
1724 2677 1974 2712 honorabilibus
