2313 3090
1173 185 1247 219 402

273 293 425 338 hospicio
464 292 518 325 illo
556 302 622 325 non
661 291 891 336 egrediantur,
936 290 1044 324 donec
1082 293 1282 336 premissum
1322 290 1468 324 debitum
1509 295 1641 325 centum
1671 303 1860 326 marcarum
1891 303 1965 326 cum
1996 291 2150 326 omnibus

273 353 435 399 dampnis,
467 364 530 398 que
561 355 697 385 racione
727 352 989 395 nonsolucionis‚
1020 351 1206 396 legacionis
1235 352 1290 385 vel
1320 354 1548 386 itineracionis
1578 356 1611 386 et
1630 364 1856 399 expensarum
1877 355 2150 398 supervenerint,

272 414 415 459 pleniter
453 418 483 447 et
523 416 658 446 omnino
697 413 945 458 persolvantur.
1004 411 1073 446 Sub
1116 412 1233 446 harum
1271 412 1390 459 quibus
1420 412 1528 458 sigilla
1557 418 1673 447 nostra
1702 414 1743 447 de
1772 416 1897 447 nostris
1927 416 2028 447 meris
2059 423 2148 447 con-

277 476 433 507 scienciis
472 474 690 520 appendimus
729 476 920 507 testimonio
956 473 1141 506 literarum.
1198 473 1320 507 Datum
1350 475 1382 507 in
1413 476 1548 508 civitate
1577 473 1692 508 Ticzin
1723 485 1810 508 anno
1841 474 1966 508 domini
1994 471 2150 508 M⁰CCC⁰

278 537 499 580 nonagesimo
529 532 609 568 ΥΙΙΟ
638 533 776 568 sabbato
806 536 962 580 proximo
992 538 1069 567 ante
1099 533 1298 567 dominicam
1312 532 1345 572 ³³⁶)
1375 538 1438 568 etc.

588 595 779 629 (Kremsierer
801 596 1039 630 Lehensquatern
1063 596 1119 622 III.
1145 595 1196 622 fol.
1223 595 1309 632 214.)

1155 691 1264 727 446.

275 769 316 802 Is.
357 767 500 802 H'enz-el
527 768 589 802 IV.
618 769 756 813 fordert
784 769 839 802 die
872 768 1078 812 Mayistrate
1115 769 1176 802 der
1212 768 1338 802 Stadte
1375 771 1443 814 aelf
1472 781 1513 803 zu
1551 769 1796 814 ver·lcic12digyen‚
1836 769 1918 803 dass
1955 769 2017 803 der
2054 768 2147 804 Adel

274 829 366 862 ihi-es
395 829 565 863 Bez-irlres
594 829 680 863 nach
712 829 806 873 Prags
833 829 985 863 hommem
1014 829 1111 873 solle,
1143 841 1195 862 nm
1224 831 1283 862 nait
1312 829 1384 863 (lem
1416 829 1643 875 Marquafen
1674 830 1810 875 Prohop
1842 829 1927 864 iiber
1956 830 2012 864 (lie
2040 829 2145 863 Aus-

273 890 395 934 leymzy
425 890 484 924 des
514 890 682 924 z-wiseleeu
712 891 786 924 clem
816 890 952 934 Koniqe
981 891 1050 924 und
1078 891 1152 924 dem
1180 890 1431 924 Herrenbnnde
1457 891 1623 936 yefdllten
1654 890 1971 936 Schz'edsspretclzes
2009 891 2084 925 sich
2104 902 2146 925 zu

1049 953 1157 985 einen.
1191 951 1248 985 Dt.
1284 951 1394 985 1397.

430 1018 685 1072 §venceslaus
715 1039 768 1072 dei
797 1041 913 1084 gracia
943 1038 1173 1072 Romanorum
1203 1050 1266 1072 rex
1295 1050 1430 1085 semper
1460 1040 1635 1085 Augustus
1665 1045 1698 1073 et
1727 1039 1866 1073 Boemie
1895 1051 1959 1074 rex
1978 1042 2150 1074 universis

274 1104 307 1133 et
335 1099 476 1144 singulis
505 1102 675 1144 magistris
705 1102 841 1143 civiunn
872 1099 1077 1143 consulibus,
1103 1102 1225 1145 juratis
1254 1102 1427 1134 civitatum
1457 1105 1489 1134 et
1517 1101 1691 1146 opidorum
1722 1103 1819 1145 regni
1848 1103 1954 1135 nostri
1973 1099 2151 1144 Bohemie‚

275 1159 426 1194 fidelibus
464 1163 588 1194 nostris
629 1165 661 1193 et
697 1160 838 1196 dilectis,
881 1164 1030 1205 graciam
1060 1165 1189 1206 regiam
1220 1165 1252 1194 et
1281 1172 1381 1195 omne
1410 1161 1543 1195 bonum.
1602 1161 1735 1195 Fideles
1765 1161 1888 1195 dilecti.
1945 1161 2040 1195 Licet
2068 1161 2150 1196 alias

275 1224 512 1256 serenissimus
541 1225 698 1268 princeps
728 1222 882 1256 dominus
910 1221 1212 1270 Z.(igismundus]‚
1259 1222 1409 1267 Ungarie
1438 1222 1611 1256 Dalmacie
1641 1222 1784 1256 Croacie
1813 1227 1877 1257 etc.
1908 1234 1972 1257 rex
2000 1222 2150 1266 illustris,

271 1282 376 1317 frater
413 1288 530 1316 noster
569 1286 776 1318 carissimus.
821 1286 852 1316 in
892 1286 1032 1317 materia
1072 1286 1310 1318 controversie
1345 1288 1500 1317 vertente
1534 1295 1594 1329 pro
1625 1288 1702 1317 tunc
1731 1286 1818 1317 inter
1846 1294 1909 1318 nos
1938 1283 1979 1318 ab
2009 1294 2087 1328 una,
2117 1287 2151 1317 et

272 1343 402 1378 nobiles
432 1343 577 1377 barones
609 1347 706 1389 regni
735 1347 840 1377 nostri
869 1344 1009 1378 Boemie
1038 1349 1133 1390 parte
1154 1344 1272 1387 altera,
1298 1348 1425 1378 certum
1448 1344 1630 1378 concordie
1651 1355 1710 1378 seu
1733 1346 1995 1390 composicionis
2016 1343 2149 1378 modum

274 1404 426 1438 decrevit
460 1405 724 1443 instaurandumq
763 1405 847 1439 datis
885 1416 986 1451 super
1015 1405 1080 1439 hoc
1109 1405 1213 1439 literis
1242 1405 1342 1449 sigilli
1372 1408 1422 1439 sui
1451 1408 1669 1451 apposicione
1699 1408 1847 1449 munitis,
1885 1416 1985 1450 quam
2014 1405 2150 1451 quidem

273 1465 489 1499 concordiam
519 1476 581 1499 nos
611 1466 651 1499 de
681 1470 776 1511 parte
806 1471 933 1510 nostra,
963 1471 998 1500 ut
1026 1465 1240 1509 arbitramur„
1271 1466 1311 1499 ad
1341 1466 1474 1512 plenum
1504 1468 1719 1500 servavimus
1749 1477 1812 1500 nec
1840 1469 1873 1500 in
1903 1466 2014 1512 aliquo
2035 1476 2150 1501 sumus

272 1529 488 1570 transgressi.
519 1525 614 1567 Quod
645 1531 755 1560 tamen
786 1531 817 1560 et
846 1526 1036 1561 huiusmodi
1066 1527 1248 1561 concordie
1278 1526 1410 1560 modum
1440 1537 1506 1560 non
1536 1527 1643 1560 solum
1674 1529 1972 1573 interpretancium
2001 1530 2151 1562 varietas

273 1586 332 1620 sed
370 1591 403 1619 et
438 1587 676 1632 impedimenta
715 1588 851 1621 cottidie
890 1588 990 1621 multa
1020 1591 1234 1634 proveniunt,
1264 1588 1390 1621 idcirco
1420 1587 1536 1621 illustri
1568 1587 1732 1634 Procopio
1764 1587 1949 1622 marchioni
1979 1587 2147 1632 Moravie‚

272 1650 414 1693 principi
444 1652 561 1693 patruo
592 1653 708 1681 nostro
739 1651 926 1691 carissimo,
957 1660 1055 1694 quem
1086 1649 1215 1695 pridem
1245 1651 1454 1694 capitaneum
1485 1651 1581 1693 regni
1612 1652 1717 1683 nostri
1747 1649 1787 1683 de
1808 1660 1899 1684 novo
1929 1650 2151 1684 ordinandum

271 1708 498 1743 decrevimus.
529 1712 756 1743 commisimus
786 1714 819 1743 et
848 1709 1000 1743 dedimus
1030 1713 1109 1744 vive
1137 1713 1234 1743 vocis
1264 1709 1401 1743 oraculo
1430 1712 1462 1742 in
1493 1709 1669 1752 mandatis,
1701 1713 1775 1743 vice
1806 1714 1839 1743 et
1867 1713 2003 1744 nornine
2024 1713 2149 1745 nostris

272 1781 333 1816 pro
362 1769 576 1804 observanda
602 1770 791 1804 huiusmodi
820 1771 1000 1805 concordia
1022 1774 1114 1805 iuxta
1136 1776 1288 1805 tenorem
1308 1770 1479 1804 literarum
1502 1770 1579 1804 dicti
1601 1770 1714 1805 fratris
1735 1774 1841 1805 nostri
1861 1782 1898 1805 se
1920 1774 2150 1818 interponere,

273 1830 397 1864 bonum
427 1841 619 1874 commune„
651 1832 862 1877 tranquillum
892 1837 1013 1866 statum
1044 1837 1075 1865 et
1104 1831 1341 1878 rempublicam
1373 1831 1522 1865 eiusdem
1553 1834 1650 1876 regni
1680 1835 1785 1865 nostri
1815 1831 1937 1866 debeat
1965 1831 2152 1866 efficaciter

273 1891 442 1925 ordinare.
498 1891 662 1925 Volumus
691 1895 793 1937 igitur
822 1897 851 1926 et
884 1892 980 1927 vobis
1009 1892 1070 1927 sub
1100 1896 1185 1938 regii
1214 1893 1342 1927 favoris
1371 1892 1509 1926 obtentu
1538 1904 1702 1938 expresse
1733 1893 1942 1937 mandamus,
1986 1898 2150 1939 quatenus

274 1952 359 1985 lianc
390 1952 614 1986 voluntariam
645 1952 855 1987 oblacionem
886 1958 1036 1987 nostram
1054 1953 1244 1988 civitatibus
1273 1958 1306 1987 et
1323 1954 1430 1999 opidis
1452 1956 1587 1996 nostris,
1609 1954 1741 1999 quando
1762 1957 1869 1988 maior
1888 1954 2001 2000 populi
2020 1953 2152 1988 affuerit

274 2012 457 2052 multitudo,
487 2013 549 2046 alta
580 2018 612 2046 et
641 2014 839 2059 intelligibili
871 2026 955 2048 voce
985 2018 1016 2048 in
1046 2015 1128 2049 foris
1158 2019 1190 2049 et
1217 2015 1300 2048 locis
1329 2013 1467 2060 publicis
1496 2014 1707 2060 proclamare
1729 2014 1872 2059 faciatis,
1903 2014 2149 2060 subjungentes

272 2076 303 2106 in
343 2073 461 2107 eadem
501 2074 785 2119 proclamacione,
829 2080 862 2109 nt
898 2080 963 2109 tam
1001 2074 1159 2119 harones2
1202 2074 1343 2118 nobiles,
1387 2074 1575 2118 kmetones‚
1619 2076 1788 2119 consules,
1831 2080 2012 2111 terrestres
2051 2087 2149 2122 quam

271 2137 377 2167 eciam
417 2134 536 2168 milites
576 2139 606 2168 et
629 2128 784 2169 'clientes
823 2136 992 2170 districtus
1031 2139 1149 2179 vestri„
1192 2135 1309 2181 quibus
1348 2138 1453 2169 eciam
1491 2138 1688 2181 scripsimus
1727 2148 1828 2182 super
1868 2148 1909 2170 eo
1939 2136 2148 2183 specialiter,

274 2194 374 2239 (sint)
400 2206 502 2241 super
533 2197 582 2228 1“’““
602 2197 808 2242 temporibus
821 2195 874 2244 ssss)
895 2200 1051 2243 proxime
1072 2192 1222 2230 venturis
1242 2196 1362 2242 prefati
1383 2199 1414 2230 in
1435 2200 1612 2241 presencia
1635 2200 1742 2242 patrui
1763 2201 1868 2232 nostri
1889 2208 1953 2231 una
1973 2196 2150 2232 vobiscum

273 2258 345 2288 sine
375 2256 540 2289 dilacione
571 2257 714 2301 qualibet
746 2258 970 2303 personaliter
999 2260 1180 2299 constituti,
1210 2257 1338 2302 sibique
1370 2261 1535 2302 tamquam
1566 2261 1742 2303 capitaneo
1772 2263 1888 2292 nostro
1917 2269 1978 2305 pro
2008 2262 2148 2292 restau-

274 2316 374 2349 randa
416 2316 602 2351 huiusmodi
641 2318 827 2352 eoncordia
866 2324 898 2352 et
936 2330 1113 2352 commune
1149 2314 1271 2352 1101111111
1310 2318 1446 2351 realiter
1482 2319 1694 2364 procurando
1734 2321 1891 2353 assistant
1930 2318 2078 2354 consiliis
2116 2323 2150 2353 et

274 2377 408 2410 auxiliis
439 2381 624 2423 oportunis.

587 2458 728 2491 tl'alaekj'*
755 2459 897 2485 Fermelb.
924 2459 962 2483 11.
988 2468 1015 2492 p.
1044 2458 1128 2492 103.)

434 2521 464 2555 ἃ)
491 2526 548 2551 1)(-1
574 2527 662 2552 Name
688 2528 736 2553 (les
762 2529 923 2560 sonutages
948 2528 1021 2553 fehlt
1045 2528 1117 2553 ancli
1144 2528 1179 2552 im
1206 2527 1312 2553 Codex.

403 2578 453 2611 Η)
479 2578 522 2602 1).ι
559 2579 592 2603 li.
628 2580 745 2605 weimol
778 2580 902 2614 anfungs
935 2582 1049 2614 August
1080 2581 1129 2605 des
1159 2580 1187 2606 δ.
1225 2580 1302 2605 13ί1Ῑ
1338 2579 1411 2605 nach
1447 2580 1645 2605 Deutsehiaml
1681 2590 1744 2615 Ζευς,
1781 2590 1811 2606 50
1837 2580 1915 2606 kann
1939 2580 2001 2606 hier
2024 2588 2079 2606 nur
2104 2579 2149 2606 die

274 2629 446 2659 Quae-nnm-
472 2639 520 2655 vur
546 2631 738 2656 lteminisewre
764 2633 828 2669 tll.
855 2633 945 2667 Miirz)
971 2633 1027 2658 und
1053 2642 1103 2658 vor
1128 2632 1277 2658 Trinitatis
1302 2631 1364 2666 (125.
1389 2632 1473 2665 duni)
1499 2633 1673 2658 vei-standon
1699 2633 1822 2669 werden,
1847 2633 1875 2658 in
1893 2632 2000 2659 welche
2013 2632 2146 2658 Termine

275 2681 327 2705 ‹lus
352 2682 580 2714 :11·1›1-oxiiii.itixns
606 2683 800 2715 'i‘sugvsdntzun
828 2694 861 2709 zu
887 2691 985 2710 ,ει-ἵκου
1009 2685 1055 2711 ist.
