2313 3090
1251 198 1299 231 80

348 306 452 340 fidelis
482 309 512 339 in
543 307 680 340 evidens
717 310 748 339 et
785 304 977 338 memoriale
1016 305 1238 336 testimonium
1274 302 1313 335 ad
1350 301 1413 334 hec
1448 301 1638 346 specialiter
1672 305 1804 336 vocatis
1841 306 1873 335 et
1910 305 2047 346 rogatis.
2106 301 2204 335 Feria

346 367 492 401 secunda
523 367 574 400 die
603 370 781 400 nativitatis
812 368 915 399 sancti
950 364 1112 396 Joliannis
1142 362 1288 407 Baptiste
1317 365 1348 395 in
1379 364 1474 395 metis
1503 360 1644 395 Croacie
1674 364 1764 395 iuxta
1785 361 1971 396 Danubium
1993 365 2024 395 in
2054 364 2205 396 exercitu

348 430 500 461 iussimus
530 429 735 460 communiri.
768 426 866 459 Anno
896 424 1028 458 Domini
1059 423 1232 456 millesimo
1263 424 1499 455 trecentesimo
1528 425 1748 466 nonagesimo
1778 422 1936 456 secundo.

658 556 800 590 (Dvbuers
826 555 951 579 Monuni.
979 553 1029 581 IV.
1055 562 1082 586 p.
1109 553 1197 585 381.)

1239 750 1315 785 95.

532 837 865 881 Emsfunnysformel
893 837 951 870 des
982 837 1144 870 Bre'lmzer
1174 836 1420 871 Landrecletes.
1456 836 1553 870 Nat-lc
1583 837 1655 870 dem
1685 836 1745 869 24.
1775 836 1859 869 demi
1888 835 1997 869 1392.

501 922 618 974 ifinno
656 942 778 974 domini
815 941 988 974 millesimo
1027 944 1263 975 trecentesimo
1299 944 1521 986 nonagesimo
1561 941 1710 975 secundo
1757 940 1955 986 colloquium
1998 940 2206 974 dominorum

346 1002 547 1035 celebratum
579 1006 628 1035 est
657 1006 731 1047 post
759 1001 846 1035 beati
876 1001 1039 1035 Johannis
1068 1001 1215 1047 Baptiste
1246 1004 1277 1035 in
1307 1004 1481 1047 presencia
1511 1003 1717 1035 serenissimi
1746 1003 1904 1046 principis
1939 1001 2062 1034 domini
2089 1000 2208 1035 Jodoci

347 1062 546 1095 marchionis
584 1061 737 1095 Moravie
776 1067 808 1095 et
845 1062 1056 1107 presentibus
1092 1061 1290 1096 officialibus
1327 1062 1474 1095 Stiborio
1513 1062 1553 1095 de
1592 1060 1771 1105 Czimbnrg
1810 1072 1967 1107 supremo
2006 1063 2206 1104 camerario,

346 1123 549 1157 Bohuncone
580 1123 619 1156 de
649 1122 836 1168 Trzstenye
867 1122 1036 1166 czutlariO,
1066 1122 1220 1156 Johanne
1249 1125 1378 1156 notario
1409 1127 1440 1156 et
1469 1121 1624 1159 Jolianne
1653 1122 1899 1155 locumtenente
1938 1126 1970 1155 et
1998 1120 2208 1167 presentibus

346 1183 508 1217 nobilibus
537 1183 717 1217 baronibus
747 1188 847 1221 terri:
889 1184 1029 1217 dominis
1058 1183 1230 1217 Hinczone
1259 1186 1394 1217 seniore
1423 1183 1463 1216 de
1501 1182 1615 1228 Lippa.
1654 1181 1808 1215 Erliardo
1847 1181 1887 1215 de
1923 1180 2072 1225 Cunstat,
2110 1180 2209 1215 Petro

345 1244 384 1277 (le
415 1243 613 1288 Sternberg,
643 1243 741 1277 Petro
771 1245 811 1277 de
842 1243 995 1287 Crawar‚
1030 1243 1192 1278 Benessio
1231 1244 1271 1278 de
1301 1243 1454 1283 Cruvvav,
1484 1243 1676 1276 Hermanno
1707 1242 1747 1276 de
1776 1241 1989 1285 Novadomo,
2025 1241 2207 1276 Wilhelmo

345 1305 384 1338 ‹h›
421 1304 605 1347 Pernstein‚
644 1304 790 1338 Jescone
828 1304 1016 1349 Sternberg
1054 1305 1134 1338 alias
1171 1305 1211 1339 de
1250 1304 1412 1347 Luckow,
1456 1303 1609 1337 Jaroslao
1649 1303 1688 1336 de
1727 1302 1927 1346 MezerziCZ,
1970 1302 2124 1337 Jaroslao
2168 1303 2207 1336 (le

345 1364 543 1409 fflernborg„
574 1364 725 1399 Tassone
755 1366 795 1398 (le
825 1364 1041 1405 Bozkowiez,
1072 1364 1253 1399 Boczkone
1284 1365 1323 1398 dc
1353 1363 1502 1407 cunstat,
1538 1363 1710 1397 llinczone
1736 1364 1870 1407 juniore
1900 1362 1940 1396 de
1968 1362 2083 1409 Lippa,
2114 1362 2207 1396 Wil-

345 1426 467 1461 helmo.
504 1426 665 1471 Smylone
714 1431 745 1459 et
791 1425 972 1459 Czenkone
1019 1426 1059 1459 de
1088 1425 1233 1461 Luczka.
1280 1424 1449 1459 Wznatba
1496 1424 1605 1458 Hectit
1652 1424 1692 1457 de
1738 1423 1892 1464 Rossicz,
1939 1422 2121 1457 WVankone
2167 1423 2208 1456 de

346 1486 559 1520 BozkowiCZ.

656 1618 799 1651 (Briinner
824 1618 958 1643 Landtnf.
983 1628 1009 1652 p.
1036 1618 1120 1652 208.)

1240 1816 1316 1851 96.

549 1901 960 1946 Eroffnnnyssorme!‹les-
993 1901 1166 1935 Olnmttzer
1197 1901 1441 1935 Laudreehtes.
1476 1901 1575 1934 Nach
1605 1902 1677 1934 dem
1707 1900 1766 1934 29.
1798 1900 1882 1933 Jum'
1912 1898 2021 1933 1392.

504 1987 620 2039 Anno
660 2006 781 2039 domini
821 2006 994 2040 millesimo
1024 2003 1125 2039 CCCO
1154 2008 1378 2050 nonagesimo
1407 2005 1555 2039 secundo
1584 2009 1659 2051 post
1688 2005 1807 2038 festum
1837 2009 2028 2038 sanctorum
2060 2003 2147 2037 Petri
2176 2007 2209 2037 et

348 2066 434 2100 Pauli
473 2067 698 2113 apostolorum
737 2066 939 2100 celebratum
979 2071 1030 2101 est
1067 2066 1228 2111 generale
1265 2066 1465 2111 colloquium
1504 2064 1748 2112 presidentibus
1777 2065 2010 2110 infrascriptis,
2054 2064 2209 2098 videlicet

346 2130 560 2161 serenissimo
590 2129 738 2173 principe
768 2127 901 2160 domino
929 2127 1058 2161 Jodoco
1089 2126 1282 2161 marchione
1315 2130 1347 2159 et.
1367 2126 1501 2159 domino
1521 2126 1686 2161 Moravie.
1707 2125 1856 2159 Jeskone
1879 2124 1986 2158 Puska
2010 2125 2050 2158 de
2071 2123 2210 2158 Cunstat

346 2190 544 2227 camerarim
584 2187 742 2221 Sulicone
781 2187 822 2221 de
859 2187 965 2221 Konic
1003 2187 1357 2225 0z11dar10..Jese‹›ne
1394 2189 1524 2220 notario
1563 2186 1747 2220 tabularum
1778 2189 1954 2232 supremis,
1986 2184 2208 2219 beneficiariis

346 2249 449 2281 cznde
471 2248 703 2283 Olomucensis
733 2248 886 2282 Johanne
916 2252 1124 2283 vicenotario
1154 2248 1350 2290 tabularum,
1382 2246 1534 2280 Erhardo
1564 2247 1604 2280 de
1634 2245 1783 2289 Cunstat,
1815 2247 1913 2280 Petro
1940 2246 1981 2279 de
2008 2244 2208 2289 Sternberg,

352 2308 447 2342 Petro
486 2309 526 2342 de
564 2308 736 2343 Plumnaw
775 2308 928 2343 Jaroslao
964 2309 1005 2342 (le
1033 2309 1236 2355 Mezyrzicz.
1275 2308 1450 2343 Laczcone
1488 2308 1528 2341 de
1558 2306 1711 2344 Crawan
1742 2307 1923 2341 Wilhelmo
1954 2306 1994 2340 de
2024 2305 2209 2348 Pernstein,

347 2369 492 2403 Stiborio
522 2369 562 2403 de
583 2368 775 2413 Czinilmrg,
805 2369 957 2403 Tassonc
996 2374 1026 2403 et
1065 2369 1247 2403 Wankone
1286 2369 1326 2402 de
1365 2367 1579 2409 Bozkowicz‚
1619 2367 1769 2401 Smilone
1806 2367 1846 2400 (le
1882 2366 2020 2400 Cunstat
2058 2365 2138 2399 alias
2168 2365 2208 2398 de

348 2430 508 2464 Lestnicz.
560 2430 704 2464 Jesconc
752 2435 784 2463 et
831 2429 1014 2464 Sdenkone
1060 2429 1217 2464 fratribus
1253 2429 1294 2463 dc
1330 2428 1517 2473 Sternberg
1555 2429 1636 2462 alias
1675 2428 1715 2461 de
1753 2427 1894 2469 Lutww,
1932 2425 2129 2461 Pawlikone
2168 2425 2209 2459 de

347 2490 550 2535 sowynecz.
580 2490 761 2524 Woekone
791 2490 831 2524 de
861 2490 1033 2525 Holnstein
1063 2495 1095 2523 et
1124 2490 1195 2524 aliis
1224 2501 1321 2535 quam
1351 2489 1498 2535 pluribus
1529 2488 1691 2522 nobilibus
1721 2493 1749 2521 ct
1781 2490 1925 2522 strenuis
1954 2489 2047 2522 viris.

658 2630 816 2655 (Olmi'itzvr
843 2629 976 2654 hundius.
1003 2639 1028 2662 μ.
1059 2629 1138 2663 197.)
