2313 3090
1225 170 1294 204 118

321 283 413 312 certa
452 284 565 312 nostra
605 281 749 311 sciencia
789 279 1015 310 consentimus
1054 280 1085 308 et
1114 275 1280 313 favemus,
1319 278 1351 307 ut
1381 274 1422 308 ab
1454 275 1571 308 Aaron
1596 274 1698 318 judeo
1735 278 1850 307 nostro
1880 274 1920 307 de
1949 272 2096 306 Redisch
2127 283 2190 306 sex

322 352 453 374 marcas
483 342 580 374 annui
611 350 731 372 census
763 341 792 370 in
823 337 918 369 bonis
947 336 1026 369 ville
1057 335 1227 381 Tyessow
1256 346 1362 381 prope
1390 334 1535 369 Brodam
1564 335 1806 380 ungaricalein,
1837 345 1919 379 quas
1949 336 1980 367 in
2009 332 2189 379 Jenykone

317 403 394 445 jure
424 406 514 434 terre
544 400 692 434 obtinuit.
724 409 783 444 pro
814 408 861 431 se.
893 396 1073 430 heredibus
1103 399 1182 430 suis.
1212 395 1404 429 Theodrico
1435 395 1538 429 fratre
1568 400 1600 429 et
1628 395 1768 429 Nicolao
1789 395 1926 428 filiastro
1947 397 2049 440 ipsius
2071 393 2192 427 debeat

321 464 472 507 pecuniis
502 471 711 506 comparare.
743 470 802 503 per
831 460 951 503 ipsum.
973 457 1129 491 heredes.
1152 456 1290 490 fratrem
1313 461 1342 489 et
1373 456 1543 490 filiastrum
1574 466 1653 490 suos
1683 456 1788 490 dictos
1818 467 1940 489 census
1970 466 2043 488 cum
2074 465 2190 488 eorum

321 522 416 555 bonis
448 527 476 555 et
508 523 675 554 universis
706 521 908 564 pertinencis
943 518 1020 561 jure
1060 517 1276 552 hereditario.
1315 517 1593 562 quemadmodum
1623 517 1771 562 prefatus
1797 517 1919 561 judeus
1949 516 2065 550 eadem
2104 515 2191 549 hona

322 582 471 616 obtinuit.
508 580 720 626 possidenda.
760 578 975 612 Presencium
1014 577 1074 611 sub
1112 581 1218 611 nostri
1247 577 1345 622 sigilli
1375 581 1580 623 appensione
1610 581 1799 611 testimonio
1829 578 2011 611 literarum.
2071 576 2192 610 Datum

321 643 455 676 Brunne
494 653 580 675 anno
619 641 742 673 domiui
778 640 954 673 millesimo
993 641 1230 672 trecentesimo
1268 641 1489 683 nonagesimo
1528 641 1645 681 terciqu
1680 638 1764 672 feria
1794 641 1905 683 quinta
1934 640 2089 683 proxima
2117 641 2192 684 post

321 703 441 736 festum
471 701 608 747 pasche.

633 802 726 844 (Orig.
752 806 836 839 Perg.
862 814 898 830 an
930 806 1014 839 Perg.
1040 804 1165 831 Streifen
1196 805 1224 832 h,
1258 804 1315 837 sig.
1341 804 1376 828 im
1402 804 1736 829 furstm-:zbisehriflieheu
1762 803 1887 829 Archive
1912 803 1941 828 in
1966 802 2121 828 Kremsier.
2152 818 2194 822 —

529 858 590 883 Auf
613 858 662 883 der
686 857 830 883 Plicatur:
856 857 902 882 Ad
927 857 1102 883 rvlacionem
1125 856 1268 882 ,Iohannis
1294 857 1327 881 de
1352 856 1527 882 Morkowicz
1553 854 1689 892 Spilner.)

1208 1011 1310 1047 1:35.

320 1091 463 1124 Henslin
496 1101 558 1124 ron
588 1090 696 1124 Gnast
724 1090 937 1124 beurlcemdet
966 1090 1028 1123 das
1058 1089 1163 1123 durch
1193 1091 1311 1123 see'nen
1342 1089 1447 1122 Valet*
1476 1089 1662 1122 erre'cletete
1682 1089 1903 1122 Annii-emar
1925 1089 1958 1121 in
1979 1088 2040 1121 der
2061 1087 2191 1121 Kircke

808 1162 849 1184 zu
883 1150 1133 1194 Ober-Tajsm.
1165 1150 1224 1187 Dt.
1258 1149 1317 1183 13.
1348 1150 1454 1194 April
1483 1149 1594 1183 1393.
1624 1161 1652 1183 s,
1683 1149 1703 1182 Ι.

475 1228 571 1293 Ego
600 1247 798 1281 Hansslinus
828 1247 933 1281 dictus
963 1247 1002 1280 de
1025 1245 1129 1280 Gnest
1158 1246 1238 1279 alias
1269 1246 1308 1278 de
1339 1245 1522 1287 Schanaw,
1553 1250 1670 1279 tenore
1700 1247 1910 1291 presencium
1931 1243 2062 1290 publice
2082 1254 2191 1277 reco-

319 1319 460 1353 gnosco.
500 1309 586 1354 quod
626 1308 793 1342 Ticzlinus
830 1308 870 1341 (le
907 1307 1011 1341 Gnest
1048 1311 1185 1352 patruus
1224 1318 1317 1340 meus
1342 1306 1429 1340 bone
1465 1309 1638 1346 memorie„
1678 1311 1754 1339 tunc
1793 1310 1880 1339 tutor
1910 1304 2131 1338 hereditatum
2161 1308 2193 1338 et

318 1368 481 1403 bonorum
512 1369 613 1403 michi
642 1369 867 1414 fratribusque
896 1371 979 1402 meis
1008 1372 1083 1414 post
1111 1372 1253 1401 mortem
1282 1366 1412 1401 Nicolai
1442 1367 1482 1401 de
1513 1366 1687 1413 Superiori
1716 1366 1817 1410 Diax,
1848 1368 1952 1412 patris
1982 1367 2058 1408 mei,
2085 1367 2190 1398 eciam

318 1430 405 1463 bone
443 1433 618 1470 memorie„
658 1430 863 1467 relictorum,
901 1429 941 1463 de
981 1429 1106 1463 eisdem
1146 1427 1385 1462 hereditatibus
1415 1439 1473 1461 seu
1512 1427 1607 1461 honis
1638 1432 1669 1461 et
1698 1427 1890 1473 specialiter
1919 1437 2020 1472 super
2048 1425 2191 1471 quodam

317 1491 414 1524 laneo
445 1501 604 1535 agrorum
634 1494 665 1524 in
696 1501 814 1536 campo
845 1490 931 1523 dicto
952 1489 1187 1535 Diirrenpach.
1210 1492 1299 1522 inter
1324 1489 1420 1523 villas
1440 1488 1568 1522 Urbaw
1598 1493 1630 1522 et
1650 1487 1771 1534 Popicz
1792 1490 1867 1529 sito,
1898 1490 1991 1521 cuius
2012 1487 2193 1520 dominium

318 1562 391 1585 cum
422 1556 533 1585 steura
565 1551 671 1596 regali
701 1551 739 1584 ad
770 1550 999 1584 venerabilem
1021 1554 1051 1584 in
1078 1550 1203 1583 christo
1232 1555 1360 1596 patrem
1383 1560 1423 1583 ac
1444 1550 1611 1583 dominum
1634 1549 1803 1583 dominum
1824 1547 1977 1581 abbatem
1999 1550 2194 1582 monasterii

317 1612 478 1646 Lucensis
517 1612 642 1645 ordinis
680 1612 1000 1645 Premonstratensis
1039 1616 1071 1644 et
1109 1611 1253 1645 diocesis
1289 1610 1522 1644 Olomucensis
1560 1615 1714 1656 spectare
1752 1610 1934 1643 dinoscitur
1963 1613 1996 1642 et
2024 1619 2122 1654 quem
2152 1608 2193 1642 ad

317 1684 459 1719 presens
495 1672 655 1706 Nicolaus
693 1675 837 1706 rusticus
876 1672 916 1705 de
953 1671 1091 1715 Ganicz‚
1129 1671 1294 1705 Pertlinus
1333 1672 1374 1705 de
1403 1671 1599 1714 Kalendorf,
1638 1671 1814 1705 Hawlinus
1844 1669 1973 1704 Porstel
2002 1669 2044 1703 de
2071 1669 2194 1716 Popicz

318 1735 483 1778 superiori
523 1737 553 1766 et
591 1732 724 1767 Ulricus
763 1732 867 1766 frater
905 1732 1036 1766 Sutoris
1075 1732 1115 1766 de
1155 1733 1301 1778 Antiqua
1339 1732 1463 1773 Reczz,
1502 1731 1639 1777 quilibet
1675 1742 1775 1765 unum
1814 1730 1965 1776 quartale
2003 1734 2118 1764 tenent
2155 1740 2193 1763 ac

318 1794 440 1836 colunt,
472 1794 637 1838 quoddam
668 1798 900 1827 testamentum
941 1793 982 1827 ob
1026 1794 1211 1827 remedium
1246 1796 1431 1827 animarum
1471 1793 1620 1826 eiusdem
1659 1795 1761 1838 patris
1797 1794 1873 1834 mei,
1912 1791 2193 1837 predecessorum

317 1858 443 1901 pariter
480 1859 513 1887 et
551 1865 787 1888 successorum
826 1865 974 1889 suorum.
1013 1854 1134 1887 dudum
1174 1854 1253 1888 fecit
1291 1854 1452 1900 disposuit
1481 1865 1520 1888 ac
1549 1854 1688 1898 legavit,
1718 1852 1876 1886 videlicet
1904 1854 2023 1896 viginti
2052 1855 2194 1896 quatuor

317 1926 458 1960 grossos
496 1915 710 1948 denariorum
750 1918 927 1960 pragensis
966 1920 1100 1948 monete
1138 1918 1236 1949 annui
1280 1926 1404 1949 census
1443 1914 1585 1961 plebano
1624 1913 1769 1947 ecclesie
1806 1915 1840 1947 in
1879 1912 2054 1958 Superiori
2091 1911 2194 1958 Dyax

318 1976 404 2009 dicte
444 1976 589 2009 diocesis
619 1975 854 2009 Olomucensis
893 1976 1032 2019 singulis
1062 1979 1157 2010 annis
1191 1987 1292 2022 super
1321 1976 1407 2010 festo
1437 1979 1541 2010 sancti
1571 1975 1745 2009 Michaelis
1775 1974 1910 2008 indilate
1940 1972 2123 2008 solvendos
2152 1972 2194 2006 ad

317 2041 514 2083 perpetuum
545 2039 811 2070 anniversarium
843 2039 873 2069 in
904 2037 1053 2082 predicta
1085 2037 1229 2071 ecclesia
1260 2048 1459 2082 quocunque
1489 2047 1589 2079 anno,
1626 2040 1748 2069 octavo
1779 2035 1831 2068 die
1860 2038 1936 2080 post
1964 2033 2051 2068 diem
2087 2035 2194 2068 sancti

317 2097 492 2132 Michaelis
522 2097 563 2130 de
592 2108 669 2133 sero
700 2108 773 2130 cuni
803 2098 927 2141 vigiliis
957 2101 1054 2131 trium
1084 2098 1270 2132 leccionum
1302 2102 1335 2132 et
1363 2098 1404 2131 de
1433 2108 1530 2131 mane
1547 2108 1620 2130 cum
1651 2096 1756 2130 tribus
1786 2097 1908 2138 missis,
1936 2105 2034 2128 unam
2056 2097 2194 2127 cantare

318 2164 350 2193 et
379 2159 461 2192 duas
489 2159 618 2203 legere,
649 2169 723 2191 cum
754 2158 998 2192 exhortacione
1027 2161 1213 2198 animarum
1243 2162 1275 2193 in
1295 2158 1439 2192 ambone
1459 2162 1492 2191 ct
1511 2157 1656 2203 sepulcri
1676 2158 1877 2190 visitacione
1897 2157 1987 2188 circa
2009 2154 2193 2200 predictam

318 2220 497 2253 ecclesiam
528 2219 633 2253 solitis
663 2224 695 2252 et
724 2222 893 2253 consuetis
923 2223 1079 2253 continue
1108 2220 1350 2266 peragendum.
1409 2219 1456 2253 Ita
1486 2218 1573 2264 quod
1602 2217 1764 2263 plebanus
1794 2216 1938 2250 ecclesie
1967 2214 2110 2261 prefate‚
2140 2217 2195 2260 qui

318 2291 379 2326 pro
409 2285 561 2325 tempore
592 2278 703 2324 fucrit,
734 2280 916 2326 predictum
948 2292 1084 2315 censum
1115 2293 1175 2315 suo
1205 2284 1348 2315 termino
1378 2283 1555 2327 percipere
1585 2278 1684 2313 debet
1704 2277 1777 2316 ‚hoc
1806 2277 1918 2315 modo,
1949 2276 2106 2310 videlicet
2134 2286 2195 2321 pro

318 2352 355 2374 se
392 2341 539 2374 sedecim
579 2352 732 2386 grossos,
771 2344 900 2374 vicario
939 2353 999 2375 suo
1038 2342 1120 2376 duos
1158 2352 1311 2387 grossos,
1351 2340 1540 2387 presbitero
1578 2343 1609 2374 in
1648 2338 1837 2373 huiusmodi
1872 2340 2025 2383 exequiis
2055 2336 2195 2382 agendis

318 2406 441 2434 vocato
470 2401 576 2435 VIIII.
609 2412 762 2446 grossos,
802 2405 1016 2447 campanario
1046 2414 1146 2435 unum
1187 2413 1343 2448 grossum
1376 2406 1409 2435 et
1437 2406 1578 2447 quatuor
1606 2410 1747 2445 grossos
1775 2402 1862 2434 inter
1890 2408 2057 2445 pauperes
2086 2397 2194 2431 forma

318 2461 503 2495 elemosine
533 2466 649 2496 sancte
679 2462 759 2496 dare
789 2466 821 2495 et
850 2462 1050 2495 distribuere
1071 2463 1237 2497 tenebitur
1259 2467 1290 2497 et
1311 2462 1456 2506 debebit,
1486 2461 1546 2496 sub
1567 2472 1627 2495 sue
1648 2445 1863 2495 consciencie
1882 2470 1922 2507 ac
1942 2458 2017 2493 fidei
2038 2461 2193 2504 puritate.

319 2522 415 2563 Quod
448 2522 580 2568 quidem
611 2526 844 2556 testamentum
874 2522 952 2555 licet
981 2525 1028 2556 sic
1058 2527 1092 2556 ut
1120 2526 1321 2569 premittitur
1349 2534 1417 2557 non
1446 2525 1581 2566 omnino
1610 2524 1643 2555 in
1671 2532 1795 2567 vanum
1816 2522 1858 2555 sit
1878 2520 2071 2566 dispositum
2093 2523 2194 2565 atque

319 2582 455 2625 factum,
486 2586 596 2616 tamen
626 2586 731 2628 ipsum
758 2582 876 2627 sigillis
906 2594 945 2616 ac
974 2583 1091 2617 litteris
1120 2583 1294 2631 hucusque
1323 2595 1389 2618 non
1419 2585 1532 2617 existit
1561 2582 1601 2616 ad
1631 2584 1703 2615 cius
1732 2580 1948 2620 duraci'onem
1979 2579 2192 2622 roboratum3

318 2648 457 2689 propter
494 2644 580 2689 quod
622 2655 687 2689 ego
725 2644 924 2679 Hansslinus
962 2645 1171 2690 supradictus
1206 2645 1346 2692 predicti
1383 2647 1448 2678 inei
1486 2645 1588 2689 patris
1628 2642 1740 2686 heres
1767 2645 1938 2687 superstes
1972 2643 2089 2675 unicus
2118 2639 2194 2674 huic
