2313 3090
1247 182 1294 216 42

344 294 373 322 et
412 288 625 333 graniciebus
664 288 1018 321 circumferencialiter
1058 287 1216 320 distinctis
1246 286 1407 319 iamdictis
1437 286 1641 319 conferimus
1662 290 1694 319 et
1713 285 1885 319 donamus.
1917 284 2075 318 Preterea
2094 283 2207 318 villam

345 349 508 383 Lhotham
540 360 613 382 cum
645 349 786 382 allodiali
816 351 906 381 curia
937 348 1056 380 ibidem
1088 351 1188 392 atque
1217 349 1308 390 agris
1337 346 1432 380 cultis
1462 351 1493 379 et
1523 346 1654 380 incultis
1683 346 1723 379 ad
1753 346 1893 380 eandem
1915 344 2207 379 concernentibus.

344 413 468 443 curiam
500 421 573 442 eum
603 412 743 454 praytis.
775 420 837 453 que
867 408 970 451 vulgo
997 406 1197 451 Nakuserzy
1226 406 1379 440 dicuntur
1408 411 1440 440 et
1468 400 1553 440 sili-a
1583 407 1622 440 ad
1652 409 1715 439 iam
1747 406 1833 440 dicte
1860 406 1939 440 ville
1969 408 2094 439 curiam
2124 416 2209 450 per—

346 474 481 504 tinente.
512 473 704 514 cunctisque
744 469 813 501 aliis
850 467 973 501 usibus.
1011 467 1127 512 quibus
1167 467 1325 512 appellari
1363 473 1499 513 possent
1529 467 1728 509 nominibus.
1767 479 1841 500 cum
1871 467 1969 512 pleno
2004 466 2149 500 dominio
2178 470 2212 499 et

342 533 418 575 Jure
455 531 570 564 damus
601 535 630 562 et
669 532 878 573 assignamus
908 531 1113 561 monasterio
1143 528 1355 573 supradict03
1384 528 1616 562 nichilominus
1653 531 1685 561 in
1713 528 1791 561 villa
1820 526 2081 573 Knyehnyczky
2109 536 2209 559 unum

346 592 475 624 laneum
514 593 584 634 agri
626 594 839 622 eensuantem
879 600 953 621 cum
990 587 1115 621 duabus
1154 588 1334 631 curticulis,
1353 599 1484 622 necnon
1513 593 1545 621 et
1573 591 1733 634 piscinam
1772 598 1877 633 prope
1905 586 2068 632 prefatam
2098 586 2209 620 villam

346 655 497 685 situatam
529 662 601 683 eum
634 653 777 694 ipsorum
805 648 934 691 juribus
964 651 1132 682 universis
1162 653 1193 682 et
1223 648 1368 682 dominio
1397 649 1556 683 tradimus
1586 649 1715 694 prefato
1751 650 1954 682 monasterio
1986 652 2018 681 et
2046 647 2208 686 donamus

347 717 377 745 et
417 713 598 755 elargimur
634 710 830 754 supradietis
870 712 1050 754 vinumque
1088 713 1250 752 nostrum
1290 710 1376 754 quod
1415 720 1475 743 nos
1515 714 1547 743 et
1575 709 1719 743 heredes
1752 714 1886 743 nostros
1915 707 2142 742 concernebat
2170 707 2211 741 de

348 775 454 805 vineis
485 775 516 804 in
547 774 657 803 monte
688 769 855 802 Kussercz
887 769 1041 811 fundatis,
1072 769 1111 802 ad
1143 769 1274 814 opidum
1304 775 1452 804 nostrum
1485 769 1659 803 Costelecz
1688 768 1928 815 spectantibus,
1958 774 2023 802 tarn
2053 779 2098 802 ex
2117 771 2211 814 parte

347 833 549 865 deeimarum
590 842 686 875 quam
727 834 831 863 eciam
886 834 1130 873 montanorum,
1169 833 1328 876 precipue
1365 831 1405 864 de
1442 833 1563 865 vineis.
1603 842 1666 875 que
1704 833 1768 863 iam
1806 834 1882 863 sunt
1919 828 2054 863 fundate
2091 833 2147 862 aut
2179 831 2212 862 in

351 894 492 926 futurum
530 891 593 924 deo
624 891 802 924 adiuvante
833 890 1066 933 fundabuntur,
1097 890 1226 936 prefato
1256 894 1459 925 monasterio
1489 891 1650 925 donamus
1680 895 1711 924 et
1741 891 1933 935 elargimur.
1971 889 2098 924 Silvam
2128 900 2212 923 vero

349 957 494 986 nostram
532 952 717 988 vulgariter
754 951 955 984 Kuterzawa
982 954 1196 995 nominatann
1236 963 1299 997 que
1336 953 1374 985 ad
1418 951 1504 985 bona
1541 956 1653 985 nostra
1693 950 1866 985 Plumnaw
1902 950 2085 996 spectabat,
2127 952 2214 983 inter

348 1017 476 1046 montes
507 1011 682 1056 Smylowo
713 1010 934 1056 Hradysczye
965 1016 994 1044 et
1025 1011 1178 1045 Oberska
1208 1012 1327 1046 XVrata
1358 1016 1535 1055 iacentem7
1571 1024 1615 1046 ex
1644 1015 1775 1057 integro
1806 1016 1837 1045 et
1866 1012 2010 1045 totaliter
2039 1022 2120 1057 sepe
2148 1014 2212 1045 iam

349 1074 442 1107 dictis
473 1072 631 1104 tradimus
661 1075 690 1104 et
722 1071 883 1104 donamus
912 1072 1071 1105 duntaxat
1112 1077 1250 1118 propter
1280 1076 1472 1107 monasterii
1506 1075 1792 1106 restauracionem
1822 1083 1883 1106 seu
1921 1072 2112 1113 utilitatem3
2147 1070 2212 1105 hoc

348 1134 452 1167 solum
490 1134 688 1165 eximentes.
726 1136 757 1164 ut
799 1132 887 1175 ligna
932 1133 1015 1165 silve
1058 1138 1243 1166 memorate
1282 1136 1423 1179 cuipiam
1461 1144 1526 1167 non
1562 1133 1763 1176 vendantur7
1807 1133 1878 1167 sola
1915 1136 2027 1166 tamen
2064 1134 2212 1166 tuicione

348 1198 489 1238 excepta
530 1195 674 1226 omnium
717 1192 879 1226 bonorum
910 1193 950 1226 ad
980 1193 1101 1226 dictum
1132 1197 1369 1227 monasterium
1400 1197 1654 1240 pertinencium.
1693 1206 1757 1240 que
1792 1196 1869 1229 dicti
1906 1195 2100 1228 monasterii
2128 1203 2212 1239 pre—

350 1257 476 1300 positus
505 1258 559 1286 aut
590 1257 776 1287 conventus
805 1253 925 1287 liabent
957 1265 1017 1299 pro
1047 1258 1195 1299 presenti
1225 1258 1297 1288 sive
1327 1257 1358 1288 in
1389 1254 1532 1288 futurum
1562 1255 1722 1289 altissimo
1751 1255 1916 1301 largiente
1936 1253 2117 1297 habebunt,
2147 1264 2211 1299 que

350 1315 389 1348 ad
427 1325 488 1347 nos
526 1313 669 1347 heredes
708 1318 738 1346 et
768 1325 985 1348 successores
1014 1320 1148 1349 nostros
1184 1315 1336 1349 dominos
1366 1316 1406 1349 de
1436 1315 1589 1359 Craware
1620 1320 1787 1361 tamquam
1816 1315 1857 1349 ad
1885 1326 1988 1349 veros
2017 1314 2213 1348 fundatores

350 1375 531 1408 dinoscitur
559 1377 728 1419 pertinere
753 1375 896 1418 juridice
926 1380 957 1408 et
987 1375 1133 1410 debebit:
1179 1375 1250 1409 Tali
1280 1381 1390 1410 tamen
1419 1377 1547 1410 adiecta
1578 1377 1787 1421 condicione,
1817 1379 1844 1411 si
1872 1387 1934 1410 nos
1962 1375 2096 1409 Petrum
2124 1385 2212 1420 pre-

351 1436 483 1468 dictum.
515 1434 659 1468 heredes
689 1439 719 1468 et
749 1446 966 1469 successores
996 1441 1129 1470 nostros
1160 1440 1223 1470 iam
1253 1437 1329 1471 dicti
1361 1441 1553 1471 monasterii
1582 1438 1777 1471 fundatores
1806 1438 1847 1471 de
1875 1439 2024 1483 presenti
2043 1439 2093 1470 ire
2122 1446 2210 1470 con-

351 1499 484 1532 tingerit
513 1496 587 1528 luce
616 1507 675 1529 seu
704 1496 829 1531 seculo.
860 1501 984 1530 extunc
1013 1496 1200 1531 huiusmodi
1230 1501 1328 1531 tuicio
1362 1498 1402 1532 ad
1432 1498 1575 1532 nobilem
1605 1498 1738 1532 Petrum
1769 1498 1810 1532 de
1839 1497 1982 1531 Crawar
2010 1496 2131 1531 dictum
2172 1495 2213 1530 de

351 1557 522 1590 Straznicz
561 1555 729 1590 filiastrum
768 1562 917 1591 nostrum
956 1563 1010 1591 aut
1048 1561 1150 1604 ipsius
1188 1558 1333 1592 heredes
1363 1559 1535 1592 masculini
1565 1570 1668 1593 sexus
1697 1559 1919 1599 devolvetur3
1954 1561 1986 1591 in
2016 1568 2096 1592 casu
2128 1567 2213 1591 vero

350 1621 376 1650 si
418 1617 567 1662 prefatus
610 1617 762 1650 domiuus
806 1616 921 1652 Petrus
964 1619 1004 1653 de
1047 1618 1188 1653 Crawar
1231 1620 1336 1653 dictus
1375 1619 1415 1653 de
1458 1619 1632 1653 Straznicz
1669 1619 1806 1653 filiaster
1833 1623 1961 1662 noster,
1999 1618 2144 1652 heredes
2181 1622 2215 1651 et

350 1689 568 1711 successores
599 1681 699 1723 ipsius
730 1679 900 1713 masculini
930 1691 1033 1713 sexus
1063 1683 1168 1714 eciam
1199 1680 1240 1714 de
1269 1680 1433 1714 Crawarn
1463 1679 1503 1713 ab
1524 1680 1586 1714 hac
1612 1683 1832 1724 migraverint
1852 1680 1939 1722 tuce,
1968 1684 2093 1726 extunc
2113 1689 2214 1724 super

352 1741 476 1771 seniori
513 1737 639 1770 barone
675 1739 716 1771 de
751 1740 892 1772 t'rawar
927 1740 1114 1774 huiusmodi
1150 1744 1248 1774 tuicio
1291 1741 1503 1783 devolvatur,
1525 1745 1580 1774 aut
1621 1751 1865 1786 quemcumque
1903 1740 2112 1773 dominorum
2153 1750 2214 1773 seu

351 1797 513 1831 baronum
544 1798 584 1831 de
613 1798 754 1832 Crawar
782 1803 971 1845 prepositus
1001 1805 1033 1834 et
1062 1806 1248 1835 conventus
1278 1802 1426 1835 eiusdem
1457 1804 1649 1835 monasterii
1687 1801 1814 1846 eligere
1853 1800 2078 1842 decreverint,
2112 1809 2214 1845 super

353 1858 407 1891 illo
437 1859 529 1891 eadat
562 1861 660 1892 tuicio
691 1865 883 1894 memorata.
915 1860 1076 1894 Volumus
1107 1865 1224 1905 eciann
1254 1867 1289 1895 ut
1317 1862 1475 1908 sepedicti
1507 1865 1700 1895 monasterii
1730 1864 1919 1908 prepositus
1957 1865 1990 1895 et
2010 1864 2213 1894 >conventus

355 1919 562 1952 l‘undacionis
592 1924 704 1953 nostre
735 1923 763 1953 in
791 1921 929 1955 duorum
961 1925 1122 1956 mensium
1153 1926 1268 1968 spacio
1298 1923 1439 1957 eundem
1470 1922 1530 1956 sibi
1561 1927 1703 1956 tutorem
1734 1923 1857 1967 eligant
1887 1933 1931 1956 ex
1960 1922 2101 1956 dominis
2129 1931 2215 1967 pre-

354 1982 461 2012 missis
499 1983 639 2013 tutorem
680 1986 750 2025 post
789 1982 986 2020 decessum:
1025 1986 1051 2016 si
1090 1988 1199 2016 autem
1236 1987 1412 2030 prescripti
1450 1987 1640 2029 prepositus
1678 1988 1709 2017 et
1747 1988 1934 2017 conventus
1972 1987 2115 2016 tutorem
2153 1981 2214 2016 sibi

352 2039 479 2077 eligere
509 2040 690 2074 distulerint
723 2045 753 2074 in
784 2046 949 2087 prenarati
981 2048 1140 2090 temporis
1170 2048 1295 2090 spacio.
1325 2049 1448 2078 extunc
1491 2047 1544 2089 qui
1574 2047 1687 2077 senior
1709 2044 1805 2077 fuerit
1827 2055 1871 2077 ex
1894 2043 2052 2089 predictis
2073 2043 2215 2076 dominis

352 2100 392 2132 de
423 2099 575 2133 Crawar.
607 2106 692 2146 aput⁴
712 2102 851 2135 eundem
875 2107 944 2149 ipsa
967 2107 1065 2137 tuicio
1087 2104 1220 2138 debebit
1248 2116 1465 2150 permanereg
1497 2109 1637 2150 excepta
1669 2107 1773 2137 eciam
1794 2104 1897 2138 berna
1918 2104 2024 2145 regali
2045 2103 2085 2136 de
2106 2102 2214 2145 bonis,

352 2172 416 2205 que
445 2161 520 2193 dicti
560 2166 751 2195 monasterii
792 2167 978 2208 prepositus
1020 2170 1047 2197 et
1087 2170 1274 2210 conventus
1312 2165 1437 2199 habere
1476 2165 1669 2201 dinoscitur.
1709 2170 1762 2198 aut
1792 2168 1822 2199 in
1856 2169 2025 2211 posterum
2056 2164 2214 2198 altissimo

353 2221 558 2265 suffragante
587 2222 772 2257 habuerint.
804 2236 899 2268 quam
922 2225 1027 2259 nobis.
1059 2226 1237 2259 heredibus
1259 2231 1289 2259 et
1311 2226 1564 2260 successoribus
1586 2229 1707 2259 nostris
1727 2237 1785 2259 seu
1806 2226 2031 2271 predictorum
2052 2224 2216 2258 bonorum

354 2281 516 2315 tutoribus
545 2282 584 2315 ad
615 2283 837 2320 cotim-emtum
868 2296 1096 2320 reservamus.
1128 2286 1315 2333 Preseripta
1342 2298 1425 2320 vero
1455 2286 1540 2320 bona
1563 2289 1732 2332 preposito
1754 2289 2002 2331 conventuique
2023 2287 2216 2319 monasterii

355 2345 456 2375 nostri
493 2354 553 2388 per
590 2354 651 2376 nos
690 2349 810 2377 erreeti
849 2350 878 2377 et
919 2346 1041 2379 fundati
1081 2347 1231 2380 dedimus
1271 2348 1468 2381 contulimus
1504 2353 1536 2381 et
1565 2353 1681 2381 tenore
1710 2350 1921 2393 presencium
1951 2347 2156 2381 conferimus
2185 2351 2217 2380 et

354 2403 514 2436 donamus
545 2407 713 2449 perpetuis
745 2406 949 2450 temporibus
979 2408 1214 2452 possidendum
1244 2407 1384 2453 pacifice
1420 2413 1449 2441 et
1481 2411 1602 2453 quiete.
1635 2410 1712 2452 jure
1742 2408 1876 2441 dirrecti
1907 2408 2041 2441 dominii
2071 2413 2103 2441 et
2130 2417 2216 2453 pro—

356 2466 513 2507 prietatis.
546 2464 768 2498 decernentes
798 2478 814 2498 a
846 2466 951 2500 nobis.
984 2467 1162 2501 heredibus
1192 2473 1221 2501 et
1252 2468 1506 2502 successoribus
1536 2472 1657 2502 nostris
1687 2469 1827 2502 (luminis
1857 2469 1897 2502 de
1919 2468 2060 2502 Crawar
2080 2467 2214 2501 easdem

356 2524 448 2557 villas
478 2530 575 2569 atque
607 2525 690 2558 bona
720 2531 893 2571 prenotata
925 2539 996 2560 cum
1028 2528 1179 2561 onmibus
1210 2532 1355 2574 ipsorum
1386 2532 1599 2574 pertinenciis
1629 2529 1751 2562 liberas
1780 2529 1905 2562 solutas
1925 2528 1999 2562 fore
2023 2527 2217 2574 simpliciter

356 2589 384 2615 et
416 2590 608 2630 exemptas:
639 2587 897 2632 specialiterque
929 2591 996 2633 ipsa
1029 2588 1124 2622 bona.
1165 2602 1227 2634 que
1258 2590 1364 2623 eidem
1388 2593 1590 2623 monasterio
1621 2592 1650 2623 in
1682 2594 1850 2635 posterum
1881 2600 1941 2634 per
1969 2599 2042 2624 nos.
2072 2587 2216 2622 heredes

356 2649 385 2677 et
416 2657 633 2680 successores
664 2652 795 2681 mistros
825 2648 976 2682 dominos
1006 2650 1046 2682 de
1072 2650 1213 2683 (Ji-awai·
1242 2651 1352 2683 divina
1375 2650 1494 2684 sull'ulti
1516 2650 1698 2683 clemencia
1721 2650 1800 2683 dare
1822 2653 2041 2693 augmentare
2062 2648 2216 2682 volumus
