2313 3090
1061 181 1133 214 429

159 286 265 329 ipsum
296 282 466 316 doniinuin
495 286 688 328 episcopum
720 296 759 316 ac
790 289 942 328 posteros
973 296 1051 319 suos
1082 290 1111 319 et
1142 286 1265 319 fratres
1294 298 1373 320 suos
1403 291 1571 332 pretactos
1601 291 1692 319 tanto
1723 286 1848 319 l'orcius
1879 286 2029 319 fraterna

162 347 284 378 caritas
320 344 521 377 inardescat.
567 344 664 376 favor
700 348 801 378 niutui
841 349 966 379 anioris
1005 346 1168 380 exuberet
1207 352 1237 380 et
1276 351 1367 393 pacis
1406 351 1595 380 continuata
1625 346 1742 380 federa
1774 346 1957 388 firmentur.
2000 351 2034 379 et

161 408 338 451 presertim
377 408 409 438 in
444 416 702 450 recompensam
741 409 886 439 oninium
927 407 1145 452 dampnorum
1177 410 1372 441 nominatim
1403 408 1520 442 decem
1549 418 1798 452 sexagenaruni
1830 418 2028 452 grossorum

164 477 287 499 census
315 469 426 507 annui.
470 468 525 510 qui
556 468 586 498 in
617 466 720 499 literis
751 467 926 500 dixis-ionis
956 468 1119 501 bonorum
1150 471 1181 501 in
1212 468 1276 502 alio
1305 468 1478 502 Jansdorll'
1504 468 1592 502 dicto
1623 469 1766 514 capitulo
1797 472 1940 514 scriptus
1969 468 2026 501 fuit

163 531 197 560 et
224 526 411 572 deputatus,
438 530 469 559 et
490 531 628 571 propter
649 530 860 571 quittanciam
884 528 974 562 XIII.
996 540 1246 573 sexagenaruin
1267 540 1466 573 grossorum
1488 540 1610 562 census
1631 532 1742 562 annui.
1765 541 1863 574 quem
1884 540 2034 574 prenar-

164 593 272 621 ratum
301 587 479 633 capitulum
509 590 539 620 in
571 586 771 621 Czwitavia.
802 589 970 623 Lacznow
1000 594 1031 622 et
1060 593 1093 623 in
1121 589 1306 623 Heruianui
1336 590 1425 624 villa.
1449 589 1683 623 Oloniucensis
1713 590 1871 623 diocesis.
1900 589 2035 623 dicebat.

163 659 201 682 se
228 649 421 694 possedisse
451 660 489 681 ac
518 651 727 693 percepisse.
759 653 813 694 qui
842 661 964 684 census
994 654 1056 684 iam
1079 662 1138 695 pro
1160 661 1276 683 mensa
1297 650 1421 683 domini
1443 653 1590 695 episcopi
1613 650 1779 687 cotue-itur
1800 655 1831 684 et
1852 653 2035 695 asscriptus

163 713 306 743 tenetur.
362 708 403 742 Et
438 713 576 754 propter
614 709 775 742 fossatum
812 711 851 743 (le
892 722 981 744 novo
1023 714 1112 744 iuxta
1149 722 1279 744 murum
1318 714 1463 744 civitatis
1499 711 1790 756 Luthomyslensis
1829 714 1860 744 in
1891 715 1971 744 ortis
2001 715 2031 744 et

167 773 272 815 agris,
313 769 355 803 ad
399 769 522 803 dictum
561 770 739 815 capitulum
778 776 807 803 1-1
849 771 1140 817 lioiiiilles,ipSIUS
1178 771 1371 816 subiugalcs
1410 771 1650 817 spectantibus.
1695 776 1885 805 extructum
1924 776 1955 805 et
1995 770 2038 805 ob

162 831 417 865 immoderatam
446 834 683 876 recepcionein
713 832 879 876 lignorum
911 836 1011 878 ipsius
1041 832 1174 878 capituli
1204 837 1235 865 et
1256 833 1507 867 desolacionem
1529 833 1723 866 eorumdem
1745 843 1878 866 necnon
1898 832 2037 865 aliorum

164 902 439 937 quorumcunque
470 891 704 937 dampnorum.
748 896 959 937 presencium
990 898 1021 926 et
1051 896 1289 938 preteritorum
1333 904 1393 939 per
1422 897 1528 939 ipsum
1559 894 1727 927 dominum
1757 896 1951 938 episcopum
1981 892 2035 925 vet

165 952 429 999 predecessores
468 964 547 987 suos
586 953 694 986 eidem
725 954 869 998 capitulo
899 954 1175 999 qualitercunque
1205 954 1259 987 vel
1289 965 1489 999 quocunque
1518 955 1697 988 illatorum.
1741 965 1805 999 que
1834 954 2032 999 plerumque

164 1016 253 1048 inter
280 1014 449 1059 predIctas
477 1019 591 1060 partes
621 1014 862 1047 discordiarum
894 1020 925 1048 et
955 1015 1065 1048 licium
1096 1017 1277 1048 excitativa
1307 1019 1339 1048 et.
1368 1017 1589 1060 propagativa
1619 1014 1761 1049 fuerunt.
1793 1019 1824 1047 et
1854 1017 1959 1048 eciam
1990 1013 2032 1047 ol)

169 1073 304 1109 salubre
337 1075 522 1108 remedium
563 1078 747 1108 animarum
787 1078 932 1108 oninium
962 1075 1187 1118 fundatorum.
1231 1079 1478 1121 episcoporum.
1509 1075 1665 1109 abbatum
1694 1080 1725 1108 et
1755 1076 2035 1121 predecessorum

167 1145 303 1169 suorum
331 1146 395 1169 nec
423 1146 491 1169 non
520 1141 553 1169 et
581 1147 653 1177 sue,
684 1141 715 1169 et
744 1140 777 1169 ut
807 1141 897 1169 tauto
929 1136 1126 1180 diligencius
1156 1141 1186 1169 et
1217 1136 1411 1170 fervencius
1441 1139 1674 1170 anniversaria
1696 1136 1804 1170 debita
1827 1141 1857 1170 et
1879 1140 2039 1169 consueta

166 1207 228 1242 pro
266 1196 442 1230 antedictis
480 1196 654 1231 animabus
693 1200 787 1230 annis
825 1197 964 1241 singulis
993 1208 1054 1242 per
1083 1197 1203 1229 dictum
1235 1197 1415 1243 capitulum
1445 1202 1663 1242 peragantur,
1693 1197 1805 1230 viltam
1835 1208 1927 1230 suani
1957 1196 2039 1229 vul-

169 1261 298 1302 gariter
326 1258 447 1291 dictam
476 1257 642 1292 Pazucha.
685 1269 750 1303 que
780 1269 895 1291 niense
925 1258 1107 1303 episcopali
1135 1261 1167 1291 ia
1197 1258 1301 1291 literis
1331 1258 1506 1291 divisionis
1536 1257 1698 1291 bonorum
1729 1257 1786 1291 fuit
1817 1260 1979 1302 asscripta
2009 1260 2041 1289 et

169 1322 352 1364 assignata,
394 1319 533 1364 prefatis
573 1318 715 1352 dominis
743 1322 846 1364 priori
876 1319 1006 1352 custodi
1035 1321 1166 1352 cantori
1195 1319 1374 1352 scolastico
1404 1318 1547 1364 capitulo
1577 1323 1610 1351 et
1638 1317 1893 1352 successoribus
1923 1327 2039 1351 eoruin

168 1379 271 1423 dedit,
300 1379 449 1423 donavit,
479 1383 720 1425 incorporavit,
765 1383 863 1413 cessit
895 1385 924 1413 et
954 1379 1058 1413 libere
1088 1382 1276 1424 resignavit
1304 1390 1379 1412 cuin
1409 1379 1561 1412 omuibus
1590 1382 1658 1412 suis
1687 1381 1914 1424 pertinenciis,
1944 1377 2040 1411 utili-

169 1440 301 1484 tatibus,
332 1440 501 1483 censibus‚
531 1440 707 1479 fructibus.
739 1441 961 1474 emolimentis
991 1452 1029 1474 ac
1059 1451 1131 1473 cum
1162 1440 1261 1486 pleno
1291 1440 1449 1482 dominio.
1480 1443 1564 1473 sicut
1592 1443 1624 1473 in
1653 1442 1723 1473 suis
1752 1442 1848 1473 metis
1869 1443 1900 1472 et
1920 1438 2039 1472 finibus

169 1502 256 1536 dicta
283 1502 363 1536 villa
393 1501 434 1535 ab
463 1505 598 1547 antiquo
628 1506 679 1535 est
707 1505 839 1536 situata.
871 1502 1047 1535 tenendam
1069 1501 1291 1534 utifruendam
1313 1512 1352 1534 ac
1372 1505 1543 1547 perpetuis
1563 1501 1769 1546 temporibus
1790 1500 2039 1546 possidendam.

169 1562 370 1596 Prelibatum
415 1573 548 1608 quoque
595 1563 786 1608 capitulum.
831 1567 863 1595 ut
905 1574 941 1596 se
979 1563 1020 1596 de
1058 1566 1138 1596 tanti
1179 1561 1411 1595 munificencia
1450 1561 1605 1596 beneficii
1643 1562 1804 1596 exhibeat
1837 1566 1970 1606 gratum
2009 1565 2041 1594 et

167 1627 342 1669 acceptum
372 1627 549 1668 vicemque
579 1624 782 1668 condignam
803 1635 863 1657 suo
885 1624 1001 1657 reddat
1021 1623 1240 1664 benefactori.
1264 1622 1427 1668 prefatum
1450 1623 1619 1657 dominum
1640 1627 1834 1668 episcopum
1854 1622 2041 1656 Johannem

168 1687 202 1718 in
243 1684 328 1718 libro
358 1683 578 1719 kalendarum
607 1688 694 1718 inter
723 1685 805 1718 alios
835 1697 894 1718 sue
924 1685 1068 1718 ecclesie
1098 1683 1334 1717 benefactores
1363 1695 1436 1717 cuin
1467 1695 1527 1717 suo
1558 1683 1722 1718 beneficio
1752 1686 1806 1729 pie
1834 1682 2042 1725 intitulando,

169 1749 345 1792 postquam
375 1748 482 1791 ipsum
511 1746 553 1779 de
582 1745 646 1779 hac
675 1749 742 1779 vita
774 1749 920 1790 mig-rare
950 1747 1141 1789 contigerit,
1172 1744 1258 1778 diem
1290 1747 1556 1778 anniversarium
1587 1756 1661 1778 cum
1691 1755 1815 1778 novem
1835 1743 2041 1777 leccionibus

171 1805 361 1851 vigiliarum
391 1807 433 1840 de
462 1818 552 1840 sero,
596 1811 629 1839 et
658 1807 698 1840 de
729 1819 825 1840 mane
857 1810 886 1840 in
917 1809 1025 1840 missis
1055 1805 1201 1839 officium
1231 1805 1463 1839 defunctorum
1494 1816 1567 1838 cum
1598 1805 1670 1839 aliis
1699 1807 1914 1847 ceremoniis,
1953 1807 2042 1837 circa

171 1870 334 1914 premissa
363 1867 437 1902 fieri
465 1867 582 1910 5011115τ
613 1868 753 1912 singulis
782 1871 877 1902 annis
907 1879 1033 1913 pagare
1063 1871 1093 1900 et
1123 1865 1304 1900 celebriter
1324 1866 1506 1900 decantare
1526 1865 1812 1900 inobniissibiliier
1832 1864 2042 1899 tenebuntur.

171 1928 253 1964 Item
289 1928 430 1963 collacio
468 1939 529 1963 seu
564 1932 715 1974 provisio
754 1929 906 1962 custodie
944 1933 975 1961 et
1013 1927 1187 1961 scolastrie
1226 1938 1289 1960 una
1329 1938 1402 1960 cum
1443 1926 1562 1960 officiis
1602 1929 1681 1969 suis,
1725 1938 1859 1960 necnon
1897 1929 2042 1959 omnium

172 1989 310 2023 aliarum
349 1989 570 2023 ecclesiarum
611 1990 852 2035 parochialium
893 1992 923 2022 in
962 1988 1057 2021 bonis
1095 1988 1172 2021 dicti
1211 1988 1334 2020 domini
1372 1990 1522 2033 episcopi
1561 1992 1593 2021 et
1631 1987 1763 2033 capituli
1800 1990 1850 2021 sui
1878 1987 1934 2021 vel
1963 1987 2044 2020 alias

172 2049 373 2095 ubicunque,
402 2051 527 2084 scilicet
559 2053 589 2084 in
620 2051 760 2097 dyocesi
790 2050 1006 2084 Oloniucensi
1036 2053 1065 2081 et
1097 2048 1368 2093 Lutiioniyslensi
1399 2051 1670 2091 consistencium,
1705 2048 1745 2082 ad
1776 2048 1943 2081 dominum
1966 2050 2045 2093 epi-

173 2121 325 2157 scopum.
354 2114 409 2156 qui
439 2122 498 2157 pro
529 2116 680 2157 tempore
710 2111 821 2149 fuerit.
865 2110 968 2144 libere
999 2109 1186 2155 pertinebit.
1224 2108 1280 2141 Sic
1312 2113 1433 2142 tamen.
1464 2109 1550 2153 quod
1581 2109 1760 2153 dignitates
1790 2109 1956 2155 predictas
1986 2119 2045 2142 seu

173 2170 294 2211 officia,
322 2182 455 2205 necnon
484 2172 566 2205 alias
596 2172 759 2205 ecclesias
788 2171 1000 2217 parochiales
1030 2174 1208 2203 consuetas
1238 2168 1278 2201 ab
1308 2169 1385 2202 011111
1415 2172 1585 2202 canonicis
1614 2170 1773 2203 conferri.
1817 2169 2044 2202 tantummodo

174 2231 313 2278 prefatis
351 2236 523 2266 canonicis
554 2233 594 2265 de
623 2235 697 2278 ipso
727 2233 871 2277 capitulo
901 2230 1123 2265 existentibus
1153 2230 1306 2263 dominus
1336 2232 1513 2274 episcopus
1544 2234 1599 2262 aut
1627 2233 1677 2263 sui
1707 2240 1925 2263 successores
1955 2241 2044 2263 con-

174 2291 260 2326 ferat
288 2296 322 2326 et
350 2292 549 2326 conferant:
579 2293 618 2326 ad
650 2294 776 2338 reliqua
808 2305 891 2326 xero
912 2292 1086 2326 beneficia.
1109 2292 1240 2324 clericis
1261 2290 1468 2323 secularibus
1490 2294 1657 2335 assignari
1678 2296 1851 2333 consueta.
1873 2290 2045 2324 seculares

174 2353 317 2387 clericos
346 2352 478 2386 debebit
508 2358 538 2386 et
569 2353 735 2387 debebunt
766 2358 975 2399 presentare.
1006 2352 1086 2386 Itein
1116 2364 1171 2385 res
1201 2354 1441 2384 canonicorum
1472 2354 1690 2385 niorienciuni
1712 2356 1902 2389 argenteas,
1924 2362 2044 2384 aureas

173 2414 231 2448 vel
258 2418 394 2459 paratas
423 2416 584 2459 pecunias
615 2425 675 2459 pro
704 2414 831 2448 fabrica
863 2414 1021 2447 ecclesie.
1052 2413 1124 2447 libri
1154 2412 1193 2444 ad
1225 2422 1317 2444 usuin
1349 2410 1495 2453 librarie,
1525 2411 1648 2445 calices
1678 2417 1709 2445 et
1730 2416 1866 2445 ornatus
1886 2412 1924 2444 ad
1948 2422 2041 2445 usuni

174 2476 327 2509 sacristie
356 2473 397 2507 dc
427 2479 518 2508 certa
549 2477 695 2508 sciencia
726 2475 849 2508 domini
879 2477 1039 2519 cpiscopi.
1085 2476 1138 2518 qui
1167 2484 1226 2518 pro
1257 2477 1407 2517 tenipore
1436 2472 1545 2505 suerit.
1589 2477 1643 2505 aut
1674 2484 1808 2505 suorum
1840 2475 2043 2505 vicariorum

175 2534 299 2569 debent
333 2534 496 2580 deputari.
541 2546 623 2579 quas
660 2538 767 2568 eciam
801 2538 873 2568 siue
908 2534 1048 2568 licencia
1085 2534 1220 2579 speciali
1261 2532 1381 2565 donnini
1423 2535 1573 2577 episcopi
1602 2544 1669 2565 non
1699 2535 1857 2566 convenit
1885 2532 2045 2573 alienari;

176 2599 291 2630 vestes
320 2606 404 2629 vero
434 2595 616 2628 secundum
647 2598 866 2628 inorienciuui
897 2595 1101 2628 voluntatem
1133 2594 1186 2627 vel
1216 2593 1339 2626 domini
1371 2595 1491 2637 prioris
1521 2593 1773 2626 ordinacionem
1796 2592 2043 2626 distribuantur.

178 2659 272 2689 cuius
307 2658 338 2688 in
377 2666 418 2688 co
458 2659 671 2689 consciencia
711 2659 822 2689 existit
861 2658 1010 2689 onerata.
1071 2656 1149 2689 lteui
1190 2665 1385 2687 coniniunes
1417 2656 1500 2686 uiuri
1529 2656 1630 2687 castri
1661 2653 1948 2697 Luttumiystensis
1979 2658 2043 2686 tain
