2313 3090
1225 189 1273 222 20

317 295 393 329 dicti
423 296 544 329 dommi
575 296 745 329 withelmi
776 296 1003 339 Kortetangen
1034 295 1161 327 fueritis
1190 294 1339 336 requisiti
1367 304 1426 326 seu
1447 293 1530 326 alter
1551 298 1698 327 vestrum
1721 293 1820 327 fuerit
1841 297 2032 339 requisitus,
2062 294 2180 328 dictam

318 359 574 401 requisieimiem
614 357 801 390 immediate
838 359 1016 400 sequentes
1049 382 1054 387 .
1088 381 1094 387 .
1127 381 1133 386 .
1166 380 1172 386 .
1204 352 1368 398 prefatum
1399 352 1540 403 Crucem
1571 354 1702 388 Alberti
1732 366 1771 388 ac
1800 355 1882 388 alios
1912 355 2178 389 contradictores

317 417 481 462 quoslihet
518 422 549 450 et
584 417 727 450 rebelles
757 419 788 449 in
819 416 879 449 hae
910 420 1015 460 parte.
1052 425 1095 447 ex
1124 418 1218 460 parte
1248 418 1361 447 nostra
1391 425 1504 459 ymmo
1533 417 1648 448 verius
1677 416 1860 461 apostolica
1891 418 2066 458 ιηοηεειίίεθ
2099 425 2183 460 quos

320 480 423 511 eciam
455 482 571 511 tenore
600 479 809 522 presencium
841 478 1040 520 requirimus
1071 478 1100 507 et
1131 485 1305 507 monemus
1335 477 1534 508 coniunctim
1565 480 1596 508 et
1617 475 1761 519 divisim,
1791 481 1954 521 quatenus
1974 475 2059 509 infra
2081 477 2183 520 qnin-

320 539 426 572 decim
456 538 526 570 dies
563 548 580 569 a
618 541 767 582 tempore
797 534 1046 580 publieaeionis.
1085 537 1293 577 municionis,
1324 534 1564 569 notificacionis
1603 540 1633 568 et
1670 539 1906 570 insinuacionis
1944 548 2004 582 per
2037 546 2101 570 vos
2128 535 2184 569 vel

321 603 469 631 vestrum
499 596 675 642 quemlihet
707 599 785 641 ipsis
815 600 845 628 et
876 606 991 628 eorum
1021 595 1115 628 alteri
1145 594 1240 628 factis
1261 595 1483 640 computando
1515 623 1520 628 .
1553 623 1560 629 .
1593 623 1598 629 .
1631 624 1637 630 .
1669 601 1703 630 ut
1722 596 1830 630 adhuc
1850 596 2076 643 processibus,
2098 608 2184 630 sen-

320 661 436 692 tenciis
475 662 503 691 et
535 657 696 690 mandatis
735 658 856 689 uostris
886 655 1021 688 realiter
1050 659 1081 688 et
1110 666 1183 688 cum
1215 656 1335 689 effectu
1364 660 1501 700 pareant
1532 661 1564 689 et
1592 657 1776 699 intendant,
1815 662 1931 703 pareat
1965 662 1997 690 et
2024 657 2184 697 intendat,

320 724 413 764 prout
446 721 534 763 ipsos
564 722 595 751 et
637 728 751 750 eorum
791 715 967 761 quemlihet
1007 715 1123 749 eadem
1163 716 1317 749 mandata
1356 721 1388 749 et
1430 728 1611 762 processus
1650 722 1857 751 concernunt
1899 722 1931 751 et
1975 728 2184 751 concernere

319 784 472 825 poterunt
517 782 545 810 et
590 777 629 810 ab
673 777 917 822 impedimentis
961 781 993 809 et
1036 776 1331 810 malefaecionibus
1376 777 1462 810 dicto
1508 777 1640 810 domino
1670 777 1854 811 wilhelmo
1885 778 1981 811 factis
2020 782 2052 811 et
2089 777 2185 812 illatis

318 840 453 872 desistat
497 842 528 871 et
566 838 701 871 desistat
741 837 834 882 (sict.
879 836 938 870 sibi
978 837 1019 870 de
1049 840 1217 882 perceptis
1247 841 1277 870 et
1308 840 1466 883 expensis
1497 838 1654 883 predictis
1683 838 1892 883 integraliter
1920 838 2126 872 satisfaciant
2154 842 2186 871 et

320 898 451 943 quilibet
474 909 588 931 eorum
611 897 791 931 satisfaciat
823 902 853 930 et
881 896 1046 930 satisfieri.
1083 899 1114 930 iu
1144 901 1299 942 quantum
1331 900 1362 931 in
1393 901 1441 931 eis
1471 903 1518 932 est
1551 903 1582 932 et
1611 899 1650 932 ad
1681 910 1739 932 eos
1769 903 1801 932 et
1830 898 2011 944 quemlibet
2038 901 2184 945 ipsorum

318 962 471 1005 pertinet.
502 958 585 991 infra
616 958 784 1003 predictos
814 958 1000 1003 quindecim
1033 958 1102 990 dies
1137 960 1310 1003 proximos
1340 961 1537 1004 procuretis.
1586 959 1744 1004 Alioquin
1783 962 1809 992 si
1847 959 2035 993 huiusmodi
2063 961 2186 993 nostris

320 1020 479 1053 mandatis
511 1029 622 1064 ymmo
652 1021 766 1052 verius
795 1018 987 1064 apostolicis
1017 1018 1100 1051 infra
1132 1019 1318 1063 quindecim
1350 1019 1419 1053 dies
1454 1020 1622 1066 predictos
1653 1031 1718 1053 non
1747 1023 1919 1066 paruerint
1947 1031 2005 1054 seu
2041 1021 2188 1065 paruerit

320 1080 453 1113 realiter
491 1091 563 1113 cum
600 1079 731 1122 ell'ectm
770 1079 934 1125 prefatum
973 1078 1114 1113 Crucem
1154 1079 1285 1112 Alberti
1323 1091 1507 1125 omnesque
1545 1080 1627 1113 alios
1667 1085 1698 1114 et
1736 1080 1946 1126 supradictos
1983 1079 2128 1114 rebelles
2157 1084 2189 1113 et

319 1140 547 1174 inobedientes
584 1143 614 1173 in
654 1140 807 1174 ecclesiis
842 1143 964 1174 vestris
1001 1144 1031 1173 et
1069 1140 1204 1185 capellis
1243 1145 1273 1173 et
1311 1141 1382 1174 aliis
1420 1140 1502 1174 loeis
1532 1140 1669 1186 publicis
1699 1140 1960 1186 quibuscunque,
2000 1140 2041 1174 de
2069 1139 2188 1186 quibus

320 1201 502 1246 expediens
532 1200 642 1234 fuerit.
660 1200 745 1233 infra
776 1203 950 1234 missarum
982 1200 1143 1234 solemnia
1173 1200 1278 1235 fidelis
1304 1201 1415 1246 populi
1436 1201 1607 1235 christiani
1629 1201 1834 1235 multitudine
1855 1204 1992 1247 copiosa
2014 1201 2054 1234 ad
2075 1200 2186 1234 divina

320 1265 527 1306 congregata
566 1261 629 1294 alta
668 1266 698 1294 et
738 1256 933 1306 intelligibili
972 1272 1058 1295 voce
1097 1266 1129 1295 et
1158 1264 1188 1294 in
1228 1266 1377 1295 materna
1406 1261 1516 1307 linqua
1548 1265 1873 1296 excommunicatum
1904 1266 1935 1295 et
1965 1266 2186 1307 aggravatum

320 1334 362 1355 ex
392 1326 485 1367 parte
515 1326 627 1355 nostra
659 1332 770 1370 ymmo
800 1325 914 1356 verius
944 1322 1125 1368 apostoliea
1155 1321 1286 1368 publice
1315 1325 1479 1356 nuncietis
1514 1327 1545 1356 et
1574 1334 1634 1368 per
1664 1323 1761 1356 alium
1792 1334 1850 1356 seu
1880 1323 1963 1356 alios
1992 1322 2187 1356 denunciari

321 1383 447 1416 faciatis
477 1382 616 1427 singulis
646 1382 762 1416 diebus
792 1383 964 1416 dominicis
995 1387 1026 1416 et
1056 1382 1198 1426 festivis⁷
1228 1385 1398 1428 campanis
1427 1383 1562 1429 pulsatis
1593 1388 1624 1417 et
1653 1383 1801 1417 candelis
1821 1386 1974 1417 accensis
1995 1394 2034 1416 ac
2055 1382 2185 1416 demum

321 1445 476 1476 extinctis
506 1447 535 1475 et
565 1445 596 1476 in
628 1445 730 1488 ipsius
760 1442 1033 1476 malediceionem
1065 1445 1096 1476 in
1127 1448 1250 1476 terram
1279 1446 1450 1489 proiectis⁷
1481 1444 1696 1478 decantantes
1726 1447 1756 1477 in
1778 1443 1908 1477 laudem
1930 1443 1983 1477 dei
2003 1442 2187 1489 psalmum:

322 1502 437 1547 „Deus
466 1502 595 1536 laudem
626 1514 733 1536 meam
769 1515 809 1536 ne
840 1506 984 1537 tacueris
1014 1507 1076 1537 etc.
1108 1515 1181 1537 cum
1212 1503 1412 1549 antiphona:
1451 1504 1583 1549 „Media
1614 1507 1681 1539 vita
1711 1509 1789 1546 etc,
1819 1515 1916 1550 quem
1947 1508 1980 1537 et
2015 1514 2098 1549 quos
2126 1513 2188 1537 nos

320 1566 424 1596 eciam
456 1567 572 1597 tenore
601 1567 813 1609 presencium
844 1567 890 1597 sic
921 1567 1247 1598 excommunicatum
1269 1569 1300 1598 et
1330 1568 1653 1609 excommunicatos3
1684 1570 1908 1610 aggravatum
1929 1569 1959 1598 et
1981 1568 2189 1609 aggravatos

319 1624 569 1658 denunciamus.
605 1624 796 1658 Inhibentes
826 1636 958 1670 quoque
989 1623 1084 1658 vohis
1115 1624 1267 1659 omnibus
1297 1630 1328 1658 et
1357 1626 1496 1670 singulis
1525 1626 1683 1672 predictis
1713 1630 1743 1660 et
1773 1625 1844 1659 aliis
1874 1624 1997 1659 Christi
2025 1623 2188 1667 fidelibus,

319 1685 435 1730 quihus
472 1697 532 1719 nos
561 1689 666 1719 ceiam
697 1689 906 1731 presencium
936 1691 1052 1719 tenore
1083 1685 1143 1719 sub
1163 1685 1292 1732 prefata
1315 1688 1679 1720 excommunicacionis
1700 1697 1785 1732 pena
1814 1685 2014 1733 inhibemus,
2042 1696 2085 1719 nc
2114 1688 2187 1730 quis

320 1746 443 1780 eisdem
474 1749 773 1779 excommunicatis
803 1751 833 1779 ct
864 1749 1060 1791 aggravatis
1090 1758 1148 1780 seu
1180 1758 1295 1780 eorum
1317 1747 1422 1780 altero
1444 1747 1637 1781 durantibus
1660 1746 1847 1781 huiusmodi
1876 1748 2057 1781 sentenciis
2086 1757 2187 1780 com-

320 1810 462 1840 municet
488 1818 547 1840 seu
577 1809 821 1840 communicent
850 1806 969 1847 verbm
999 1806 1086 1840 cibo.
1116 1812 1206 1852 potu,
1238 1807 1322 1850 foro,
1365 1808 1566 1850 molendino„
1597 1811 1783 1854 empcionm
1813 1807 2027 1851 vendicione‚
2057 1809 2187 1841 invita-

321 1870 428 1909 cione5
459 1868 586 1901 consilii
616 1867 671 1901 vel
700 1868 812 1901 auxilii
842 1871 1044 1913 presucioue
1074 1868 1129 1901 vel
1158 1879 1260 1913 agros
1294 1869 1435 1903 colendo
1473 1880 1532 1902 seu
1560 1872 1678 1914 quavis
1708 1868 1770 1902 alia
1801 1870 2035 1902 communione
2064 1877 2082 1901 a
2110 1866 2188 1912 lege

322 1928 374 1961 vel
405 1940 420 1960 a
451 1940 580 1961 canone
609 1939 792 1970 concessa·⁷
823 1932 1025 1962 contrarium
1057 1940 1139 1963 vero
1181 1929 1341 1963 t'aeicntes
1381 1932 1553 1964 sentencie
1591 1931 1957 1963 excommunicacionis
1996 1930 2067 1974 ipso
2098 1926 2188 1962 facto

322 1988 474 2022 volumus
503 1988 689 2032 subiacere²
720 2000 817 2034 quam
848 1994 962 2022 eontra
993 2001 1051 2023 eos
1081 2001 1214 2023 exnunc
1243 1995 1338 2036 prout
1370 1995 1492 2024 extunc
1524 1995 1554 2024 et
1585 1995 1708 2024 extunc
1746 1994 1841 2035 prout
1881 1999 2013 2022 exnunc
2052 1987 2189 2022 ferimus

322 2053 351 2082 in
383 2049 444 2083 hiis
474 2052 604 2095 seriptis
634 2054 665 2083 et
686 2053 790 2083 eciam
812 2050 1084 2096 promulgamusg
1107 2062 1231 2084 uxores
1252 2062 1336 2085 vcro
1357 2062 1473 2085 eorum
1506 2055 1537 2084 et
1559 2054 1703 2096 ipsorum
1726 2050 1881 2084 familiam
1903 2053 1998 2083 extra
2026 2048 2189 2082 ecclesias

323 2115 452 2144 vestras
473 2114 625 2145 teneatis.
643 2122 699 2144 cas
716 2111 902 2144 nullatenus
919 2111 958 2144 ad
976 2111 1086 2145 divina
1108 2111 1310 2145 admittendo
1328 2123 1390 2145 nec
1407 2111 1636 2145 ecclesiastica
1656 2115 1866 2144 sacramenta
1887 2113 1936 2143 eis
1958 2108 2184 2143 ministrando.

323 2170 361 2203 Et
391 2175 421 2203 ut
444 2174 549 2215 magis
579 2171 761 2205 verecundi
784 2176 815 2205 ct
837 2172 983 2218 despecti
1006 2177 1036 2205 et
1058 2171 1298 2211 erubescencia
1319 2171 1449 2205 confusi
1466 2184 1505 2205 ac
1525 2171 1564 2205 ad
1586 2174 1749 2216 gremitun
1771 2175 1886 2204 sancte
1908 2172 2021 2203 matris
2044 2169 2188 2203 ecclesie

322 2233 423 2264 cicius
453 2231 562 2264 redire
593 2232 747 2265 festinent
779 2237 809 2265 et
840 2232 950 2265 redire
980 2237 1155 2277 cogantur,
1186 2232 1258 2265 loca
1288 2237 1319 2265 ct
1349 2232 1522 2275 ecclesias„
1555 2231 1723 2277 inquibus
1754 2233 1836 2264 etin
1858 2241 1998 2275 quorum
2020 2228 2190 2276 parochiis

323 2292 396 2324 dicti
427 2294 487 2324 sint
528 2295 806 2325 excommunicati
846 2297 877 2325 et
916 2296 1093 2337 aggravati
1124 2304 1163 2326 ac
1193 2293 1298 2327 dictus
1327 2296 1369 2326 sit
1398 2295 1707 2326 excomuninicatus
1730 2295 1767 2342 ¹et
1797 2295 2018 2336 aggravatus,
2062 2300 2189 2324 morem

322 2351 451 2384 trahunt
482 2352 583 2385 larem
616 2352 668 2385 vel
699 2353 898 2387 domicilium
940 2352 1114 2386 habuerint
1155 2353 1254 2387 etad
1295 2364 1353 2388 eos
1394 2352 1643 2398 quomodolibet
1671 2356 1878 2398 spectantem
1917 2355 1949 2385 et
1985 2352 2189 2397 spectanda,

323 2415 353 2443 et
384 2414 556 2456 presertim
588 2412 813 2458 parochialem
843 2416 947 2446 sancti
978 2413 1128 2447 Mauricii
1160 2414 1393 2448 Olomucensis
1424 2418 1455 2447 et
1486 2413 1745 2447 olomucensem
1776 2412 1939 2446 ecclesias
1981 2410 2189 2457 supradictas

323 2475 478 2504 continuo
508 2473 737 2507 eeclesiastico
767 2477 983 2519 supponimus
1013 2475 1187 2508 interdicto
1216 2478 1247 2508 in
1278 2474 1340 2509 hiis
1376 2477 1521 2520 scriptis‚
1559 2473 1645 2519 quod
1683 2472 1803 2507 ibidem
1839 2475 1996 2507 continuo
2035 2471 2189 2505 volumus

323 2531 508 2566 observari.
531 2533 638 2567 donec
659 2534 734 2567 dicti
756 2537 1036 2567 excommunicati
1058 2539 1089 2567 et
1110 2539 1288 2579 aggravati
1310 2536 1372 2569 deo
1394 2540 1425 2568 et
1446 2535 1541 2569 nobis
1562 2535 1602 2568 dc
1623 2539 1814 2580 contemptu
1844 2534 1987 2568 mandati
2017 2532 2189 2579 apostolici

325 2596 353 2623 et
381 2592 467 2625 dicto
489 2593 621 2626 ‹tumim›
645 2594 826 2628 wilhelmo
855 2594 896 2627 dc
917 2595 1011 2628 dictis
1042 2599 1208 2640 perceptis
1238 2600 1270 2629 et
1291 2595 1493 2629 florenorum
1522 2598 1659 2628 summis
1687 2605 1749 2640 pro
1779 2594 1874 2628 dictis
1895 2595 2054 2639 expensis
2083 2592 2190 2626 dictus

327 2651 415 2684 Crux
452 2654 663 2688 satisfecerit.
695 2659 725 2687 ut
757 2655 936 2700 prefertur,
967 2667 1005 2688 ac
1044 2655 1239 2690 heneficium
1271 2656 1495 2690 absolucionis
1525 2658 1685 2689 meruerit
1723 2654 1884 2689 obtinere.
1926 2654 1962 2688 ln
1998 2654 2069 2688 aliis
2104 2664 2189 2687 vero
