2313 3090
1172 160 1245 194 454

277 265 443 298 Hem-icus
485 265 587 299 abbas
632 271 661 299 et
711 270 933 299 conservator
980 266 1201 311 supradictus.
1247 269 1418 311 cupientes
1457 270 1535 312 ipsis
1571 268 1732 301 mandatis
1771 268 1963 313 apostolicis
2002 267 2140 302 tirmiter

278 326 414 359 obedire
453 331 482 359 et
521 326 636 359 eadem
674 330 807 371 exequi„
852 331 883 359 ut
923 331 1086 360 tenemur.
1130 331 1160 359 et
1200 338 1241 360 ne
1279 327 1398 372 aliquid
1431 339 1473 361 ex
1503 327 1641 374 abrupto
1673 329 1785 362 lacere
1815 329 2020 367 videremur„
2064 330 2141 363 licet

280 390 386 420 onmia
418 392 447 419 et
479 388 607 432 singula
639 391 813 433 premissa„
857 392 951 432 prout
983 391 1136 433 superius
1166 393 1420 433 expressantur„
1459 392 1523 422 sint
1551 389 1694 435 publica.
1725 402 1806 423 vera
1838 395 1869 423 et
1899 390 2074 424 manifesta
2103 402 2142 424 ac

277 449 360 481 adeo
399 451 527 481 notoria
567 451 615 481 rei
646 449 832 483 evidencia,
864 448 949 493 quod
980 459 1046 482 non
1077 452 1203 494 possint
1232 449 1339 494 aliqua
1371 452 1660 494 tergiversacione
1690 451 1812 484 celari:
1870 455 1979 484 tamen
2010 462 2070 485 nos
2101 450 2141 485 de

276 512 323 541 eis
360 520 418 553 per
458 513 566 541 certas
606 509 828 553 prolmciones
867 520 978 542 coram
1019 509 1114 543 nobis
1153 510 1257 543 l'actas
1287 510 1553 544 informaverunt
1582 516 1613 545 et
1643 513 1728 557 quod
1759 516 1852 545 certo
1882 515 2013 546 cercius
2042 522 2141 546 com-

282 573 426 614 perimus
466 572 534 614 ipsa
574 572 681 602 onmia
713 575 742 602 et
774 570 904 614 singula
934 569 1051 604 fuisse.
1096 570 1168 603 sore
1197 582 1236 604 ac
1266 582 1343 605 esse
1373 583 1454 605 vera
1485 577 1515 605 et
1545 576 1686 606 notoria.
1731 576 1772 606 ita
1803 573 1889 618 quod
1921 573 2010 606 nullo
2040 573 2138 607 modo

278 633 393 674 negari
434 635 569 675 possunt
604 631 759 675 nullaque
789 631 940 664 ulteriori
970 635 1148 664 summaria
1180 635 1380 676 cognicione
1409 635 1482 666 sive
1512 633 1753 667 informacione
1784 645 1889 678 egere
1919 634 2139 669 dinoscuntur

277 691 418 735 taliaque
448 690 532 723 fore.
571 702 634 735 que
664 696 695 723 et
725 691 830 736 qualia
862 691 1050 725 iudicialem
1082 693 1272 737 indaginem
1304 704 1368 726 non
1398 696 1582 738 requirunt.
1618 698 1791 740 ipsamque
1822 706 1892 728 rem
1923 706 1988 728 non
2018 706 2141 741 capere

276 751 469 784 dilacionem
502 762 553 784 eo.
586 751 670 796 quod
702 752 883 797 periculum
915 757 963 786 est
994 756 1026 786 in
1056 764 1161 791 mora„
1182 754 1240 787 sed
1262 754 1467 787 celeritatem
1490 755 1705 789 desiderare:
1727 767 1786 801 pro
1809 766 1848 789 eo
1870 755 1967 789 vobis
1988 756 2141 790 omnibus

274 811 414 844 dominis
453 812 654 857 supradictis
694 816 726 846 in
766 816 889 847 virtute
919 818 1034 847 sancte
1064 813 1262 847 obediencie
1292 819 1323 847 et
1352 814 1413 848 sub
1443 819 1809 850 excommunicacionis
1840 827 1937 861 penaq
1981 827 2078 861 quam
2107 820 2139 850 in

273 883 334 906 vos
371 877 400 905 et
441 873 620 917 quemlibet
660 878 808 907 vestrum
849 879 973 907 extunc
1009 880 1103 920 prout
1144 887 1278 908 exnunc
1314 880 1346 908 et
1382 887 1515 910 exnunc
1552 882 1650 922 prout
1687 882 1811 911 extunc
1849 877 1987 911 ferimus
2016 881 2048 911 in
2079 877 2140 913 hiis

273 936 414 978 scriptis.
447 936 542 966 trium
574 938 682 967 tamen
715 934 841 967 dierum
873 938 1062 969 monicione
1092 939 1252 969 canonica
1284 940 1461 982 premissa.
1492 940 1517 970 si
1548 941 1672 971 uostris
1703 941 1802 972 immo
1832 942 1947 972 verius
1978 938 2141 973 mandatis

272 995 463 1038 apostolicis
502 1005 567 1027 non
605 998 782 1040 parueritis
822 1007 895 1029 cum
928 996 1059 1030 effectu.
1102 1001 1266 1042 quatenus
1297 1008 1359 1031 vos
1389 1002 1443 1031 aut
1473 998 1608 1043 quilibet
1639 1004 1802 1037 vestrumq
1847 1002 1900 1045 qui
1930 999 2140 1045 presentibus

271 1055 398 1088 fueritis
429 1058 576 1100 requisiti
607 1067 665 1089 seu
698 1056 794 1090 fuerit
826 1060 1017 1102 requisitus,
1050 1057 1157 1091 nullus
1187 1058 1285 1091 alium
1316 1059 1526 1104 expectando
1556 1060 1612 1093 vel
1642 1071 1678 1093 se
1709 1071 1769 1105 per
1798 1060 1897 1094 alium
1932 1061 2139 1104 excusando,

271 1116 473 1149 accederent
502 1127 559 1150 seu
590 1118 758 1151 accedatis
789 1121 998 1163 presenciam
1031 1119 1193 1151 dictorum
1224 1118 1441 1161 Przibiconis„
1484 1119 1666 1163 Haskonis‚
1697 1121 1866 1161 DobessH,
1898 1121 2080 1167 Sobyehrd
2109 1126 2141 1155 et

270 1176 485 1210 wlasslwnis
530 1180 560 1210 in
598 1177 775 1216 Lutbovia„
819 1183 849 1211 et
889 1178 1106 1213 Bohunkonis
1146 1183 1176 1213 in
1213 1179 1386 1214 Prerovia.
1431 1185 1462 1214 et
1491 1180 1566 1215 Ade
1597 1181 1687 1227 Byes
1717 1185 1894 1227 capitanei,
1938 1187 1970 1216 et
1999 1182 2136 1216 Henrici

272 1238 382 1270 militis
422 1237 462 1271 de
500 1237 705 1283 Rokytnicz,
749 1244 780 1272 et
819 1239 894 1272 Ade
934 1240 1021 1273 dicto
1061 1240 1146 1285 [sic]
1185 1240 1325 1274 Adasek
1362 1245 1619 1286 purgraviorum
1660 1243 1793 1284 ibidem„
1836 1254 1967 1277 necnon
1997 1244 2136 1278 aliorum

269 1301 518 1343 capitaneorum
558 1303 589 1332 et
628 1303 888 1344 purgraviorum
929 1304 959 1334 in
998 1299 1094 1334 Nova
1127 1300 1281 1343 Civitate‚
1325 1304 1357 1334 in
1387 1301 1496 1335 Broda
1526 1303 1732 1348 ngaricali.
1776 1307 1807 1337 in
1838 1304 2013 1338 Poherlicz
2042 1309 2075 1339 et
2103 1308 2134 1339 in

269 1358 455 1404 Byesencz,
502 1363 532 1393 in
571 1360 785 1399 Evvanczicz„
826 1373 856 1394 m
895 1362 1019 1396 ()stroh
1059 1367 1089 1395 et
1130 1365 1159 1396 in
1196 1362 1370 1408 Rabstayn
1408 1374 1511 1410 prope
1551 1364 1736 1410 Snoymam
1766 1368 1860 1399 etin
1890 1365 2025 1400 Hradek
2054 1366 2137 1401 alias

268 1419 366 1453 Novo
404 1420 524 1454 Castro
561 1432 666 1467 prope
706 1421 857 1458 Gewiczt
900 1426 931 1456 in
970 1423 1093 1457 Ussaw
1131 1428 1162 1457 et
1200 1423 1390 1469 Rokytniez
1428 1436 1467 1458 ac
1506 1429 1584 1471 ipsis
1623 1431 1655 1459 et.
1693 1427 1832 1460 aliorum
1863 1438 2138 1473 quorumcunque

269 1480 507 1515 adhereneuun
537 1482 747 1527 complicum.
771 1483 950 1518 fautorum.
973 1489 1235 1530 receptatorum.
1257 1488 1485 1531 cuiuscunque
1506 1487 1712 1521 condicionis
1734 1490 1892 1530 existant,
1913 1491 1941 1521 si
1961 1489 2137 1523 commode

268 1540 373 1576 fieren
404 1542 486 1577 alias
516 1543 646 1588 publice
676 1547 705 1577 in
737 1545 891 1578 ecclesiis
920 1548 1057 1582 vestrisq
1089 1557 1161 1578 cum
1186 1548 1292 1579 maior
1311 1546 1421 1591 populi
1443 1547 1614 1581 multitudo
1635 1548 1766 1582 affuerit
1786 1548 1841 1582 vel
1863 1560 1925 1594 per
1945 1547 2137 1583 affixionem

269 1613 487 1647 processuum
526 1609 716 1639 nostrorum
755 1606 795 1638 ad
832 1606 951 1640 valvas
990 1606 1223 1640 ecclesiarum.
1266 1611 1300 1639 ut
1337 1609 1407 1652 ipsa
1448 1611 1591 1642 monicio
1628 1614 1660 1642 et
1698 1609 1887 1643 mandatum
1918 1614 2067 1644 nostrum
2098 1610 2138 1644 ad

267 1674 381 1697 eorum
413 1667 566 1697 noticiam
598 1665 813 1699 indubitatam
843 1669 949 1712 possit
978 1670 1160 1712 pervenire
1190 1673 1222 1701 et
1250 1679 1287 1702 se
1317 1679 1382 1701 non
1404 1668 1538 1702 valeant
1558 1672 1753 1713 ignorancia
1775 1681 1954 1713 excusare,
1975 1674 2139 1705 canonice

269 1728 431 1758 moneatis
461 1726 597 1759 eosdem
630 1729 660 1759 in
689 1738 818 1771 genere
849 1732 879 1761 et
911 1739 993 1773 quos
1024 1731 1192 1762 sciveritis
1224 1731 1254 1762 in
1284 1732 1408 1775 specie.
1439 1734 1472 1762 ut
1501 1730 1681 1775 prefertur*
1726 1742 1810 1776 quos
1840 1736 1872 1766 et
1901 1743 1961 1766 nos
1990 1743 2138 1778 presen—

269 1785 352 1818 tibus
383 1797 567 1820 monemus.
599 1791 632 1820 ut
661 1787 746 1821 inl'ra
777 1799 838 1821 sex
869 1790 939 1822 dies
969 1794 1083 1822 vestre
1114 1793 1293 1824 monicioni
1323 1793 1509 1836 proximo&
1541 1802 1679 1835 quorum
1711 1792 1794 1826 duos
1824 1804 1884 1838 pro
1914 1796 2033 1839 primm
2056 1793 2138 1827 duos

266 1857 325 1891 pro
362 1847 522 1884 secundm
566 1848 714 1893 reliquos
751 1860 834 1883 vero
872 1850 955 1883 duos
997 1851 1067 1883 dies
1105 1853 1184 1896 ipsis
1222 1855 1255 1885 et
1293 1862 1408 1885 eorum
1439 1850 1572 1884 cuilibet
1601 1863 1662 1897 pro
1693 1856 1854 1887 canonica
1885 1857 2077 1888 monicione
2106 1858 2139 1888 et.

266 1911 407 1940 termino
438 1912 665 1954 peremptorio
695 1910 906 1955 presentibus
937 1910 1131 1956 prefigimus
1163 1916 1194 1945 et
1223 1915 1449 1957 assignamus
1481 1913 1601 1947 dictum
1633 1914 1836 1957 mandatum,
1867 1915 1954 1960 quod
1984 1914 2138 1950 fecerunt

269 1971 299 2000 in
339 1967 433 2001 bouis
471 1973 499 2001 et
539 1969 625 2003 villis
659 1973 762 2016 ipsius
803 1971 1039 2007 Olomueensis
1075 1973 1221 2007 ecclesie
1259 1974 1423 2007 adversus
1462 1974 1557 2008 deum
1594 1979 1623 2007 et
1655 1978 1830 2011 iusticiam.
1861 1975 2020 2010 videlicet
2048 1976 2136 2021 quod

267 2028 418 2062 homines
450 2035 478 2063 et
510 2032 618 2064 incole
649 2032 812 2065 dictorum
843 2032 1008 2066 bonorum
1039 2038 1071 2067 et
1100 2034 1254 2069 villarum
1285 2035 1446 2068 deberent
1476 2038 1524 2069 eis
1554 2035 1668 2069 facere
1698 2035 1945 2079 obedienciam,
1976 2042 2073 2082 prout
2101 2048 2138 2072 se

265 2094 337 2122 actu
369 2093 430 2123 iam
463 2090 503 2124 de
532 2092 697 2138 aliquibus
729 2093 823 2127 bonis
854 2097 1106 2129 intromiserunt
1135 2100 1168 2128 et
1197 2098 1508 2135 comminacionem„
1538 2097 1624 2141 quod
1657 2097 1784 2131 vellent
1813 2100 1861 2130 eis
1882 2097 2027 2131 aufferre
2048 2098 2133 2143 quod

267 2150 424 2183 baberent
465 2157 497 2184 et
532 2153 762 2195 comburrere⁷
808 2160 971 2189 revocent
1009 2161 1064 2190 aut
1102 2159 1259 2203 revocari
1296 2162 1477 2203 procurent
1507 2163 1539 2191 et
1567 2169 1609 2191 ne
1638 2159 1844 2204 peramplius
1875 2158 1949 2192 talia
1980 2159 2135 2193 mandata

266 2211 397 2245 l'aciant.
431 2224 539 2257 neque
569 2225 605 2247 se
636 2214 676 2247 de
707 2215 895 2249 bominibus
925 2221 956 2249 et
986 2218 1103 2251 incolis
1134 2219 1296 2251 dictorum
1328 2218 1490 2252 bonorum
1522 2224 1551 2252 et
1583 2219 1735 2252 villarum
1767 2222 1869 2265 ipsius
1900 2220 2137 2254 Olomucensis

265 2273 408 2306 ecclesie
439 2285 498 2318 per
526 2286 562 2308 se
593 2276 648 2309 vel
679 2288 738 2321 per
768 2280 984 2323 interpositas
1014 2290 1176 2324 personas
1205 2282 1421 2313 intromittant
1452 2291 1516 2313 nec
1544 2283 1648 2313 eciam
1680 2283 1749 2326 ipsa
1780 2280 1865 2314 bona
1885 2280 2056 2325 invadant,
2077 2293 2135 2324 seu

265 2339 440 2378 occupent.
473 2340 525 2368 aut
558 2335 710 2370 homines
741 2341 886 2383 ipsorum
919 2339 1018 2373 relius
1048 2343 1115 2373 suis
1146 2340 1304 2385 spoliaret
1335 2343 1406 2373 sive
1436 2351 1495 2373 eos
1525 2344 1710 2386 captivare„
1741 2352 1800 2375 seu
1831 2346 1962 2383 taxare„
1992 2345 2066 2377 sive
2095 2342 2136 2376 ab

265 2396 312 2426 eis
342 2395 484 2439 aliquem
516 2408 652 2431 c<e=nsum
684 2410 742 2432 seu
773 2402 990 2433 exacciouem
1023 2405 1077 2433 aut
1106 2401 1286 2435 subsidium
1315 2404 1469 2446 recipere
1490 2402 1667 2435 violenter.
1689 2414 1798 2448 neque
1819 2405 1849 2435 in
1872 2402 1968 2437 bonis
1989 2405 2135 2449 ipsorum

268 2456 407 2488 iaceant.
448 2468 555 2501 neque
594 2461 683 2504 ipsos
721 2464 880 2505 expensis
919 2461 972 2494 vel
1011 2462 1175 2495 alimentis
1214 2462 1450 2507 quoquomodo
1491 2474 1638 2507 (gravare
1677 2467 1882 2509 presumant„
1926 2463 1983 2498 sed
2019 2466 2136 2509 pocius

266 2514 434 2548 admittant
468 2530 525 2550 eos
556 2522 586 2551 in
618 2532 700 2565 paee
731 2525 758 2552 et
793 2522 944 2554 libertate
974 2524 1136 2566 gaudere„
1166 2525 1251 2556 sicut
1279 2522 1319 2555 ab
1349 2526 1484 2567 antiquo
1515 2529 1777 2559 consueverunt.
1809 2528 1841 2557 et
1863 2528 2024 2569 occupata
2048 2523 2134 2558 bona

268 2575 474 2621 ‹leot-eiqwnt
516 2584 545 2611 et
584 2581 623 2613 de
660 2582 785 2614 eisdem
826 2583 943 2615 cedant
985 2594 1057 2616 cum
1090 2584 1221 2622 ellectu„
1265 2585 1408 2629 alioquin
1453 2587 1479 2617 si
1510 2590 1625 2618 eontra
1657 2588 1817 2629 premissa
1851 2584 2004 2618 mandata
2033 2587 2134 2619 immo

266 2639 380 2669 verius¹
419 2640 600 2683 apostoliea
639 2642 758 2687 aliquid
799 2643 922 2678 l'aeere.
966 2655 1071 2685 agere
1109 2644 1163 2677 vel
1201 2649 1398 2690 attemptare
1437 2649 1701 2691 presumpserint
1732 2657 1795 2679 uon
1826 2649 1983 2691 parentes
2012 2649 2134 2680 nostris
