2313 3090
1243 180 1313 216 186

339 289 490 324 cliiones.
522 293 673 332 comites.
703 289 860 322 barones.
883 287 1023 329 nobiles,
1042 287 1160 320 milites
1181 292 1211 320 et
1233 287 1320 322 laici.
1342 291 1531 321 communia
1562 291 1745 331 civitatum.
1767 291 2003 322 universitates
2024 288 2212 333 opidorum.

339 355 538 393 castrorum.
576 350 729 383 villarum
760 354 789 382 et
820 349 960 381 aliorum
989 348 1140 381 locorum
1171 352 1203 381 et.
1233 348 1296 381 alie
1325 348 1514 393 singulares
1543 360 1690 394 persone
1719 351 1889 383 civitatum
1919 353 1950 382 et
1981 349 2152 383 diocesum
2182 352 2215 382 et

338 412 474 445 aliarum
506 414 653 457 parcium
685 410 894 443 diversarum
925 413 1133 454 occuparunt
1162 413 1194 442 et
1222 412 1381 455 occupari
1410 409 1563 443 fecerunt
1592 409 1828 445 castra.villas
1850 414 1883 442 et
1902 409 1964 443 alia
1985 410 2071 452 loca.
2092 413 2214 451 terras.

339 473 467 507 domos.
498 475 743 518 possessimies.
783 474 853 503 iura
893 474 923 503 et
960 469 1215 503 iurisdicciones
1254 481 1387 503 necnon
1426 469 1564 513 fructus.
1601 481 1735 513 census.
1773 469 1922 503 redditus
1958 474 1989 503 et
2030 473 2215 516 proventus

339 534 425 567 dicte
443 533 585 566 ecclesie
615 543 653 565 ae
684 531 841 565 nonnulla
871 530 933 564 alia
963 529 1050 563 bona
1081 529 1213 564 mobilia
1244 535 1274 563 et
1305 530 1495 566 immobilia.
1526 532 1707 577 spiritualia
1738 536 1769 565 et
1798 531 1995 577 temporalia
2025 530 2065 564 ad
2097 530 2214 564 eccle-

339 598 420 628 siam
451 594 633 639 predictam
664 594 856 637 spectancia
886 596 917 624 et
947 602 986 624 ea
1017 590 1141 624 detinet
1172 594 1250 630 ‹sic›
1280 591 1426 625 indebite
1457 597 1620 638 occupata
1650 603 1709 626 seu
1739 603 1777 625 ea
1809 591 2034 625 detinentibus
2063 596 2214 637 prestant

341 655 510 688 auxilium.
541 653 714 686 consilium
745 653 800 686 vel
830 652 1005 687 savorem:
1037 652 1184 686 nonnulli
1215 656 1320 686 eciam
1351 656 1521 687 civitatum
1553 654 1698 687 diocesis
1727 665 1766 686 ac
1796 656 1944 699 parcium
1974 652 2214 699 predictarum.

341 719 393 760 qui
424 725 544 747 nomen
576 714 701 747 domini
730 716 760 746 in
791 725 914 747 vanum
945 717 1100 759 recipere
1130 724 1196 747 non
1227 713 1418 747 formidant.
1449 714 1575 747 eisdem
1607 714 1735 748 decano
1766 719 1798 747 et.
1827 714 1970 760 capitulo
2000 725 2101 760 super
2130 724 2214 759 pre-

341 776 435 808 dictis
465 777 594 808 eastris.
625 774 712 807 villis
742 778 772 807 et
802 774 884 808 loeis
914 774 997 817 aliis.
1028 777 1139 809 terriS.
1170 773 1335 810 domibus.
1366 775 1647 820 possessionibus.
1678 775 1804 809 iuribus
1833 787 1872 809 ac
1911 774 2214 809 iurisdiccionibus.

341 835 513 869 fructibus.
544 835 712 868 censibus.
743 834 928 869 redditibus
958 840 989 868 et
1019 835 1238 881 proventibus
1269 836 1452 869 eorundem
1484 841 1513 869 et
1544 836 1797 882 quibuscunque
1827 837 1898 870 aliis
1922 836 2020 870 bonis
2041 835 2216 870 mobilibus

341 901 371 929 et
403 895 637 930 immobilibus.
668 895 892 941 spiritualibus
922 900 952 929 et
983 895 1222 941 temporalibus
1250 908 1289 929 ac
1319 897 1390 930 aliis
1420 896 1520 930 rebus
1550 897 1590 931 ad
1621 897 1759 931 eosdem
1790 897 1954 931 decanum
1985 901 2016 931 et
2037 896 2216 942 capitulum

339 956 566 1002 spectantibus
598 957 794 1002 multiplices
825 958 995 991 molestias
1026 962 1056 990 et
1090 960 1227 991 iniurias
1265 957 1410 991 inferunt
1447 963 1477 991 et
1516 961 1672 992 iacturas.
1731 957 1844 999 Quare
1883 958 1961 991 dicti
1999 957 2147 991 decanus
2185 962 2217 990 et

339 1018 516 1064 capitulum
548 1017 643 1051 nobis
673 1017 839 1051 humiliter
868 1018 1108 1064 supplicarunt,
1137 1023 1182 1052 ut.
1212 1029 1285 1051 cum
1317 1019 1444 1052 eisdem
1474 1018 1634 1052 reddatur
1670 1019 1770 1052 valde
1809 1018 1941 1052 difficile
1978 1029 2039 1064 pro
2075 1017 2216 1062 singulis

339 1079 484 1124 querelis
514 1078 553 1111 ad
585 1078 803 1123 apostolicam
834 1079 947 1112 sedem
979 1078 1104 1112 habere
1134 1091 1321 1113 recursum.
1352 1080 1534 1125 providere
1563 1083 1643 1125 ipsis
1673 1091 1773 1125 super
1803 1079 1868 1113 hoc
1896 1083 2035 1125 paterna
2064 1078 2216 1112 benivo-

340 1140 446 1172 lencia
477 1150 684 1172 curaremus.
706 1139 777 1173 Nos
807 1142 908 1181 igitur
938 1140 1104 1174 adversus
1133 1144 1368 1185 occupatores.
1399 1140 1605 1175 detentores.
1635 1145 1900 1186 presumptoreS.
1930 1140 2165 1174 molestatores
2186 1143 2217 1173 et

340 1204 552 1234 iniuriatores
576 1200 762 1234 huiusmodi
787 1201 842 1234 illo
857 1201 1012 1234 volentes
1037 1200 1164 1234 eisdem
1183 1201 1313 1234 decano
1330 1206 1360 1234 et
1378 1202 1522 1246 capitulo
1543 1201 1694 1235 remedio
1715 1201 1911 1245 subvenire.
1932 1212 1992 1246 per
2012 1200 2100 1246 quod
2117 1211 2217 1235 com-

338 1267 496 1307 pescatur
525 1265 671 1307 ipsorum
701 1264 872 1295 temeritas
903 1266 933 1295 et
954 1261 1026 1295 aliis
1047 1261 1155 1295 aditus
1176 1262 1392 1295 commitendi
1413 1262 1530 1296 similia
1552 1262 1778 1308 precludatur.
1800 1262 2003 1296 discrecioni
2023 1266 2138 1296 vestre
2158 1272 2218 1307 per

340 1323 522 1368 apostolica
553 1325 674 1367 scripta
706 1322 914 1356 mandamus.
945 1325 1099 1367 quatinus
1128 1333 1191 1356 vos
1227 1323 1280 1356 vel
1311 1323 1376 1356 duo
1405 1328 1459 1356 aut
1488 1334 1573 1357 unus
1602 1327 1753 1357 vestrum
1782 1334 1843 1369 per
1871 1334 1934 1357 vos
1962 1323 2017 1356 vel
2038 1322 2137 1356 alium
2158 1333 2218 1356 seu

340 1384 434 1417 alios.
475 1386 579 1416 eciam
619 1386 645 1416 si
683 1386 746 1416 sint
784 1388 879 1416 extra
908 1383 1030 1417 locum.
1061 1386 1092 1416 in
1123 1383 1239 1428 quibus
1271 1384 1415 1430 deputati
1446 1387 1536 1418 estis.
1568 1389 1832 1418 conservatores
1861 1389 1893 1418 et
1922 1383 2051 1418 iudices
2080 1383 2218 1429 prefatis

340 1444 469 1477 decano
500 1448 530 1477 et
561 1444 705 1489 capitulo
736 1443 882 1477 efficacis
914 1444 1120 1477 defensionis
1150 1445 1297 1490 presidio
1327 1448 1524 1479 assistentes
1553 1456 1619 1479 non
1640 1448 1850 1491 permittatis.
1873 1445 2010 1479 eosdem
2033 1456 2135 1490 super
2155 1443 2218 1478 hiis

341 1509 371 1538 et
393 1504 591 1550 quibuslibet
613 1505 684 1538 aliis
705 1504 800 1538 bonis
822 1509 852 1537 et
874 1504 1000 1538 iuribus
1030 1504 1071 1538 ad
1102 1504 1264 1538 decanum
1295 1510 1327 1539 et
1356 1506 1534 1552 capitulum
1564 1506 1734 1551 predictos
1762 1506 1990 1552 spectantibus
2019 1506 2060 1540 ab
2089 1505 2217 1540 eisdem

340 1565 396 1598 vel
426 1565 622 1610 quibuslibet
643 1566 725 1599 alias
746 1565 893 1599 indebite
922 1566 1092 1600 molestari
1122 1567 1175 1599 vel
1204 1569 1404 1603 gravamina
1434 1567 1489 1601 vel
1519 1567 1640 1601 damna
1670 1572 1725 1601 aut
1752 1570 1891 1601 iniurias
1920 1569 2077 1612 irrogari.
2099 1566 2220 1600 facturi

342 1627 438 1660 dictis
459 1626 588 1660 decano
609 1631 640 1659 et
662 1627 817 1672 capitulo.
842 1638 915 1660 cum
938 1626 978 1660 ab
999 1630 1047 1660 eis
1068 1627 1122 1660 vel
1145 1627 1419 1672 procuratoribus
1440 1631 1508 1662 suis
1529 1633 1582 1662 aut
1612 1639 1727 1662 eorum
1759 1628 1869 1673 aliquo
1898 1628 2028 1662 fueritis
2056 1629 2218 1672 requisiti.

341 1688 382 1720 de
398 1688 556 1733 predictis
574 1692 604 1720 et
621 1688 692 1720 aliis
710 1690 864 1732 personis
881 1687 1081 1733 quibuslibet
1097 1699 1198 1733 super
1213 1692 1431 1722 restitucione
1448 1688 1636 1723 huiusmodi
1654 1694 1853 1733 castrorum.
1870 1689 2037 1731 villarum.
2054 1692 2219 1722 terrarum

341 1753 371 1781 et
389 1749 529 1782 aliorum
547 1749 710 1782 locorum.
729 1751 859 1782 iurium.
877 1749 1148 1782 iurisdiccionum
1167 1754 1197 1782 et
1214 1749 1377 1783 bonorum
1397 1749 1565 1783 mobilium
1583 1755 1613 1784 et
1631 1750 1859 1793 immobilium.
1880 1749 2069 1784 reddituum
2086 1760 2219 1794 quoque

341 1814 439 1854 atque
456 1814 680 1855 proventuum
698 1814 728 1842 et
745 1809 1171 1855 aliorumquorumcunque
1188 1810 1351 1844 bonorum
1368 1822 1502 1844 necnon
1520 1811 1560 1844 de
1577 1811 1775 1856 quibuslibet
1792 1811 2104 1854 molestiis.iniuriis
2120 1815 2219 1855 atque

342 1871 471 1904 damnis
501 1870 713 1916 presentibus
738 1875 768 1904 et
799 1871 916 1904 suturis
945 1873 978 1904 in
1007 1871 1069 1904 illis
1099 1871 1268 1905 videlicet.
1299 1874 1352 1916 qui
1381 1871 1569 1905 iudicialem
1600 1875 1772 1917 requirunt
1802 1871 2009 1916 indaginem.
2039 1873 2219 1905 summarie

342 1932 536 1977 simpliciter
565 1936 595 1964 et
627 1931 667 1965 de
696 1931 795 1977 plano
825 1934 897 1965 sine
917 1934 1056 1977 strepitu
1077 1936 1107 1964 et
1129 1931 1235 1976 figura
1256 1931 1379 1975 iudicii.
1401 1935 1433 1966 in
1453 1932 1525 1966 aliis
1546 1944 1630 1966 vero
1646 1937 1743 1978 prout
1759 1932 1898 1978 qualitas
1919 1943 2034 1966 eorum
2052 1933 2219 1977 exegerit.

342 1996 472 2026 iusticie
512 1992 806 2038 complementum.
840 1996 1110 2038 recuperatores.
1151 1992 1356 2035 detentores.
1387 1993 1633 2037 molestatores.
1663 1998 1915 2040 presumptores
1945 1997 1977 2026 et
2005 1995 2220 2027 iniuriatores

343 2053 531 2087 huiusmodi
563 2064 696 2086 necnon
727 2052 993 2086 contradictores
1023 2052 1188 2098 quoslibet
1217 2058 1247 2086 et
1277 2052 1421 2087 rebelles
1451 2057 1683 2100 cuiuscunque
1714 2054 1895 2099 dignitatis.
1926 2058 2042 2097 status.
2081 2053 2219 2098 gradus.

343 2114 470 2148 ordinis
500 2114 554 2147 vel
585 2114 794 2147 condicionis
815 2116 997 2155 extiterint.
1019 2114 1289 2159 quandocunque
1311 2119 1341 2148 et
1363 2117 1658 2160 quocienscunque
1680 2115 1867 2161 expedierit
1888 2117 2086 2148 auctoritate
2106 2118 2221 2148 nostra

345 2186 404 2220 per
442 2186 619 2208 censuram
658 2174 922 2208 ecclesiasticam
962 2174 1192 2220 appellacione
1222 2178 1404 2221 postposita
1435 2176 1697 2222 compescendo.
1728 2179 1886 2210 invocato
1916 2175 1956 2209 ad
1988 2175 2053 2210 hoc
2081 2178 2109 2210 si
2138 2185 2221 2221 opus

343 2236 442 2269 fuerit
472 2236 596 2269 auxilio
627 2235 753 2269 brachii
784 2235 957 2269 secularis.
1015 2234 1089 2269 Non
1120 2235 1327 2269 obstantibus
1357 2241 1420 2270 tam
1453 2236 1558 2270 felicis
1578 2237 1831 2271 recordacionis
1851 2236 2016 2270 Bonifacii
2037 2247 2122 2282 pape
2142 2235 2221 2270 VIII

346 2296 599 2342 predecessoris
630 2299 745 2330 nostri.
776 2299 807 2329 in
837 2296 955 2341 quibus
993 2300 1144 2330 cavetur.
1184 2309 1224 2330 ne
1253 2297 1370 2342 aliquis
1408 2301 1504 2331 extra
1534 2308 1626 2331 suam
1656 2300 1824 2331 civitatem
1855 2302 1887 2331 et
1917 2297 2067 2332 diocesin
2096 2300 2159 2331 nisi
2188 2299 2221 2331 in

344 2361 445 2391 certis
466 2360 618 2403 exceptis
649 2356 782 2390 casibus
812 2362 843 2390 et
873 2360 904 2390 in
936 2357 998 2390 iltis
1027 2357 1110 2390 ultra
1142 2368 1239 2390 unam
1271 2357 1393 2391 dietam
1423 2369 1439 2391 a
1470 2357 1535 2391 fine
1565 2369 1624 2392 sue
1643 2358 1788 2392 diocesis
1808 2358 1849 2392 ad
1866 2358 2023 2392 iudicium
2043 2362 2219 2401 evocet-ur.

349 2430 407 2451 seu
439 2429 480 2451 ue
511 2418 638 2451 iudices
668 2422 697 2451 et
729 2422 992 2451 conservatores
1022 2430 1038 2451 a
1060 2417 1141 2451 sede
1171 2418 1316 2463 deputati
1336 2418 1486 2464 predicta
1508 2424 1602 2452 extra
1624 2421 1793 2453 civitatem
1815 2423 1847 2452 et
1867 2418 2030 2462 dioccsin.
2051 2421 2084 2452 in
2105 2417 2222 2464 quibus

344 2478 498 2524 deputati⁴
529 2479 650 2511 suerint
687 2483 802 2512 contra
838 2489 1056 2524 quoscunque
1092 2478 1292 2524 procedere.
1328 2482 1402 2512 sive
1449 2479 1502 2513 alii
1545 2480 1599 2513 vel
1645 2479 1716 2513 aliis
1758 2482 1852 2513 vices
1894 2490 1972 2513 suas
2014 2482 2223 2513 committere

344 2544 397 2572 aut
428 2539 556 2584 aliquos
586 2540 670 2573 ultra
701 2551 798 2573 unam
830 2540 950 2573 dietam
981 2551 998 2573 a
1033 2539 1098 2573 fine
1128 2539 1271 2573 diocesis
1301 2540 1485 2574 eorundem
1519 2540 1654 2574 trahere
1683 2544 1889 2586 presumant,
1928 2540 2107 2574 dummodo
2136 2540 2222 2574 ultra

345 2601 426 2633 duas
457 2601 562 2634 dietas
592 2601 710 2645 aliquis
739 2604 938 2634 auctoritate
968 2603 1180 2646 presencium
1211 2612 1277 2634 non
1301 2600 1461 2637 trahatur.
1492 2612 1550 2635 seu
1581 2601 1667 2646 quod
1698 2601 1739 2635 (le
1764 2601 1836 2635 aliis
1857 2612 1955 2646 quam
1976 2601 2017 2635 de
2036 2599 2222 2634 manifestis

347 2664 474 2694 iniuriis
504 2666 534 2694 et
565 2662 740 2695 violenciis
770 2666 801 2694 et
831 2661 914 2695 aliis.
946 2673 1010 2706 que
1039 2661 1226 2695 iudicialem
1249 2662 1441 2707 indaginem
1464 2665 1616 2707 exigunt.
1646 2665 1741 2707 penis
1761 2665 1792 2695 in
1814 2672 1885 2704 eos.
1915 2665 1943 2696 si
1967 2672 2067 2696 secus
2087 2663 2222 2706 egerint
