2313 3090
1029 193 1098 227 2=1

125 299 166 332 de
205 299 345 332 consilio
380 303 516 332 nostro:
554 304 585 332 et
615 299 770 344 quidquid
803 305 879 334 tunc
909 300 1042 346 dampni
1070 301 1273 344 perceperit.
1305 298 1345 331 de
1375 297 1438 331 hiis
1467 300 1572 343 ipsum
1604 296 1759 330 volumus
1789 300 1821 329 et
1850 300 2002 329 tenemur

123 370 264 394 servare
288 358 514 405 indempnem.
545 360 631 404 qnod
663 362 768 393 eciam
801 364 905 394 nostri
935 371 1154 394 successores
1184 362 1332 405 episcopi
1363 358 1609 392 Olomucenses
1641 356 1754 390 facere
1787 356 1997 390 tenebuntur.

126 420 246 455 Datum
276 419 386 464 Prage
416 419 555 453 sabbato
586 425 663 453 ante
693 420 813 454 Letare
843 433 930 455 anno
961 421 1084 455 domini
1112 417 1374 454 MCCCXCVIO.

441 525 514 559 (Ans
539 525 601 550 (leui
629 526 864 559 lielieiisquatern
892 527 929 553 ΙΙ.
955 536 982 559 p,
1014 527 1068 550 lli
1097 526 1132 550 liii
1158 525 1310 552 fiii-stent».
1338 525 1461 550 Arebivv
1488 526 1513 549 lii
1540 524 1712 561 Kremsier.)

1009 646 1117 681 3⁰3.

259 723 530 768 Recersalbries
560 725 618 757 (les
650 724 783 757 Erlmr!
816 736 877 757 rou
909 724 996 758 Slfal
1025 725 1211 767 (IsemstaI)
1241 724 1417 767 bez-clylich
1448 725 1507 757 des
1539 724 1670 758 Leheus
1702 724 1867 758 Blansho.

794 785 850 818 Dt.
884 785 976 829 ἣτις]
1011 785 1064 819 11.
1104 785 1204 819 Μήνε
1236 784 1346 819 1396.

284 861 378 926 Ego
399 880 572 916 Erhardus
593 881 633 916 de
656 879 793 915 Cunstat
821 882 902 915 alias
925 882 965 915 de
996 881 1077 915 Skat
1106 879 1309 915 notumfacio
1339 885 1404 914 etc.
1436 881 1530 923 Quod
1563 882 1771 916 reverendus
1802 886 1832 916 in
1863 881 1996 917 Christo

124 945 219 987 pater
257 946 289 975 et
318 942 472 976 dominus
501 942 663 977 Nicolaus
694 945 872 988 episcopus
903 942 1138 976 Olomucensis
1168 942 1209 976 de
1239 943 1403 987 singulari
1433 942 1563 985 fiducia3
1595 954 1692 988 quam
1722 943 1821 977 habet
1851 948 1883 977 et
1911 947 1999 989 gerit

124 1002 164 1036 nd
200 1013 381 1049 personam
417 1014 538 1045 meam.r
575 1015 626 1037 me
667 1003 745 1037 fecit
775 1006 942 1036 constituit
974 1008 1004 1036 et
1035 1004 1201 1037 ordinavit
1232 1006 1440 1049 capitaneum
1471 1015 1564 1037 suum
1597 1007 1627 1037 in
1659 1003 1818 1038 Blanczlz.
1852 1005 1999 1051 miliique

126 1063 248 1098 dictum
270 1069 415 1098 castrum
437 1063 597 1098 Bianezk.
620 1064 754 1110 opidum
777 1064 925 1098 Blanczti
947 1075 1019 1098 eum
1051 1064 1137 1097 villis
1169 1069 1198 1097 et
1230 1075 1346 1098 eorum
1375 1067 1592 1110 pertinenciis
1622 1068 1786 1099 commisit
1817 1066 1995 1100 tenendum

126 1129 159 1158 et
195 1125 394 1170 regendum,
430 1127 475 1159 ita
511 1126 597 1171 quod
636 1125 722 1159 hona
759 1125 797 1158 ad
836 1128 941 1171 ipsum
977 1130 1122 1158 rastrum
1160 1128 1352 1171 speetancia
1389 1137 1463 1159 cum
1503 1129 1570 1159 suis
1600 1126 1718 1160 incolis
1748 1131 1779 1160 et
1809 1126 1998 1162 hominibus

125 1196 249 1230 regere
270 1191 489 1221 manutenere
509 1185 619 1220 debeo
641 1191 673 1220 et¹
693 1190 798 1220 eciam
822 1183 966 1232 sconti-a}
988 1187 1204 1219 adversarios
1225 1190 1255 1219 in
1278 1189 1357 1232 ipsis
1378 1185 1472 1220 bonis
1492 1198 1618 1222 nocere
1639 1187 1793 1221 volentes
1814 1188 1998 1222 defendere

125 1246 233 1280 debeo
263 1252 295 1281 et
315 1252 497 1293 protegere
518 1252 550 1281 et
571 1259 671 1293 quum
693 1247 780 1281 dieto
803 1248 937 1281 domino
968 1251 1126 1293 episcopo
1158 1247 1319 1292 placuerit
1352 1250 1456 1293 ipsum
1488 1253 1632 1282 castrum
1665 1248 1843 1285 rehabere.
1874 1254 1997 1283 extunc

125 1318 191 1353 ego
211 1307 318 1343 debeo
339 1307 401 1342 sibi
422 1308 546 1342 cedere
567 1309 608 1342 de
629 1309 749 1342 eodem
772 1313 801 1342 et
824 1308 1099 1342 condescendere
1130 1308 1191 1342 sibi
1222 1308 1339 1351 tibere,
1372 1314 1466 1354 prout
1497 1310 1603 1343 dictus
1634 1310 1787 1344 dominus
1817 1313 1996 1356 episcopus

125 1368 211 1402 dicta
245 1368 331 1403 bona
371 1369 450 1403 mihi
489 1372 685 1414 assignavit.
744 1369 779 1404 Si
820 1380 902 1402 vero
942 1381 984 1402 ex
1023 1369 1248 1414 disposicione
1287 1370 1397 1403 divina
1435 1370 1555 1404 dictum
1596 1371 1764 1405 dominum
1801 1375 1994 1418 episcopum

125 1429 299 1463 transferri
329 1433 531 1476 contingerit
561 1431 600 1464 ad
632 1431 730 1465 aliam
761 1430 951 1464 ecclesiam.
983 1435 1106 1463 extunc
1136 1430 1214 1463 nulli
1245 1430 1352 1464 debeo
1382 1432 1659 1466 condescendere
1697 1432 1737 1466 de
1767 1433 1854 1467 dicto
1884 1439 1996 1468 castro

124 1495 157 1524 et
190 1490 286 1525 honis
318 1492 477 1537 predictis
516 1495 579 1526 ulsi
618 1493 658 1526 de
695 1503 859 1538 expresso
891 1492 966 1524 dicti
997 1491 1119 1524 domini
1150 1494 1297 1537 episcopi
1328 1493 1483 1526 mandato
1513 1494 1661 1539 speciali.
1693 1494 1729 1527 Si
1759 1506 1842 1528 vero
1873 1495 1994 1529 dictum

123 1551 291 1586 dominum
313 1556 489 1599 epicopum
512 1557 723 1598 contingeret
746 1556 841 1595 mori,
872 1557 949 1586 tunc
979 1564 1052 1585 cuin
1084 1553 1201 1586 eodem
1233 1557 1344 1586 castro
1374 1558 1405 1586 et
1435 1553 1529 1587 bonis
1559 1555 1717 1600 predictis
1739 1555 1846 1589 debeo
1869 1555 1995 1590 habere

122 1618 312 1659 respectum
342 1614 381 1648 ad
412 1615 590 1660 capitulum
622 1615 769 1648 ecclesie
791 1614 1028 1647 (tlomneensis
1065 1618 1094 1646 et
1132 1614 1208 1647 nulli
1239 1614 1526 1658 condesceiiderQ
1558 1618 1619 1649 nisi
1650 1619 1821 1662 episcopo.
1853 1620 1905 1650 cui
1936 1628 1994 1662 per

121 1673 237 1708 sedem
267 1676 485 1721 apostolicam
515 1675 613 1709 fuerit
643 1678 815 1721 provisum
846 1680 875 1708 et
907 1686 1003 1720 quem
1035 1678 1141 1720 ipsum
1172 1676 1351 1720 capitulum
1382 1681 1411 1709 et
1443 1679 1598 1710 civitates
1628 1677 1773 1710 ecclesie
1804 1681 1993 1723 receperint

121 1736 304 1770 secundum
344 1737 497 1770 mandata
535 1738 623 1771 sedis
653 1737 848 1783 apostolice.
881 1736 996 1770 Debeo
1027 1739 1132 1769 eciam
1164 1737 1249 1769 dicta
1279 1736 1365 1770 bona
1396 1742 1427 1771 et
1457 1737 1609 1771 homines
1640 1738 1678 1771 ad
1710 1741 1815 1784 ipsum
1847 1743 1993 1773 castrum

98 1800 312 1843 ‘spectancia
335 1802 368 1831 et
391 1801 599 1843 pertinentes
629 1803 743 1832 contra
774 1801 953 1831 invasores
983 1802 1013 1830 et
1044 1799 1241 1841 injuriantes
1272 1808 1369 1831 manu
1400 1798 1583 1832 defendere
1613 1810 1673 1844 pro
1705 1811 1804 1844 posse
1835 1811 1910 1833 meo
1940 1800 1992 1833 ubi

121 1868 265 1892 necesse
285 1857 395 1893 fuerit.
427 1859 462 1893 Si
493 1871 576 1894 vero
607 1871 672 1893 uon
703 1859 894 1893 sufficerem
926 1863 954 1891 et
987 1862 1157 1903 oporteret
1189 1869 1241 1891 me
1271 1863 1408 1904 propter
1437 1858 1501 1892 hoc
1530 1864 1647 1893 tenere
1667 1865 1788 1904 gentes
1809 1872 1991 1894 armorum.

122 1918 186 1952 hoc
207 1918 314 1953 debeo
344 1919 458 1954 facere
489 1921 529 1953 de
559 1921 701 1954 consilio
732 1921 855 1953 domini
887 1922 1035 1965 episcopi
1067 1919 1223 1952 antedicti
1255 1923 1285 1952 et
1315 1919 1469 1964 quidquid
1501 1925 1577 1953 tunc
1607 1920 1739 1966 dampni
1770 1924 1992 1967 perceperim.

120 1980 161 2014 de
199 1979 263 2015 hiis
301 1982 407 2015 dictus
436 1982 588 2015 dominus
618 1985 796 2027 episeopus
826 1981 924 2015 debet¹
954 1985 984 2013 et
1015 1984 1145 2013 tenetur
1175 1991 1226 2013 me
1256 1991 1397 2013 servare
1427 1981 1651 2027 indempnem,
1691 1982 1777 2027 quod
1809 1985 1913 2015 eciam
1945 1985 1993 2015 sni

118 2052 338 2077 successores
354 2044 503 2088 episcopi
532 2042 781 2076 Olomucenses
812 2043 925 2076 sacer<-
953 2042 1164 2075 tenelnuitur.
1197 2040 1315 2074 Datum
1347 2041 1455 2086 Frage
1485 2041 1623 2075 sabbato
1653 2048 1729 2076 ante
1760 2042 1878 2076 Letare
1908 2055 1994 2076 anno

118 2102 241 2136 domini
271 2102 450 2136 millesimo
481 2106 720 2137 trecentesimo
751 2106 972 2140 nonagesimo
1003 2107 1111 2135 sexto.

434 2209 625 2243 (Krvnisierer
650 2209 888 2242 Lt'lit·iisqtt:iit't'ti
917 2210 955 2234 ll.
982 2218 1009 2242 p.
1042 2208 1118 2240 ¹1⁵2st

1003 2321 1111 2355 304.

118 2398 187 2432 Die
225 2398 361 2443 Kom'qe
408 2397 549 2432 ll'enz-el
583 2401 651 2433 und
689 2400 856 2443 Sifflnmsael
882 2400 1067 2443 (μεηἹῙΙιιέη
1100 2401 1170 2432 alem
1205 2398 1431 2443 ,llat‘lfgsras'en
1461 2400 1585 2434 ‚lodohz
1623 2401 1694 2433 (lem
1729 2400 1892 2433 Heinrich
1926 2412 1988 2432 rou

118 2458 335 2502 Rosenberq,
353 2458 517 2492 Heinrich
542 2472 604 2493 rou
628 2460 803 2504 Xeulmns,
824 2461 960 2494 lifienelz·
991 2473 1052 2493 rou
1072 2460 1181 2493 Sti-(ila
1206 2460 1272 2492 und
1293 2459 1388 2493 ihren
1419 2460 1631 2504 Auln'itqsern
1661 2460 1814 2493 sfelaeeres
1847 2461 1987 2493 (ieleile.

771 2521 826 2555 ΠΙ.
874 2522 965 2565 Ριγις]
1006 2521 1060 2555 ΙΙ.
1097 2521 1194 2554 Mar:-
1229 2520 1335 2553 1396.

274 2596 333 2649 xx
353 2616 528 2649 enccslaus
559 2616 610 2650 dei
640 2620 753 2661 grat-iu
784 2617 1012 2651 Romanorinn
1046 2629 1105 2650 rex
1136 2628 1270 2662 semper
1300 2618 1474 2661 Augustus
1505 2622 1534 2651 et
1566 2617 1702 2651 Boeniie
1734 2628 1793 2650 rex
1824 2622 1853 2650 et
1873 2617 1987 2661 Sigis-

118 2676 258 2710 mundus
289 2676 404 2710 eadem
436 2680 550 2714 gracia
583 2677 741 2721 sngarie.
774 2678 955 2711 Dalmucie.
988 2678 1130 2711 Groacie
1161 2681 1222 2710 ete.
1256 2689 1314 2710 rex
1347 2678 1601 2711 notuml'acimns
1632 2683 1749 2711 tenore
1776 2681 1986 2723 presencium

1818 2740 1855 2764 :36
