2313 3090
1175 174 1249 207 408

274 278 372 323 plene
409 282 439 311 et
478 281 509 311 in
548 282 617 311 toto
648 289 713 311 non
744 277 866 311 fuerint
896 282 1086 311 retractata.
1118 278 1362 312 Preinissorum
1394 282 1541 313 omnium
1571 283 1646 313 sunt
1675 283 1779 313 testes
1808 277 1927 312 famosi
1956 277 2087 312 Hechto
2117 281 2150 311 et

274 338 447 371 Erhardus
490 339 583 372 miles
627 339 666 371 de
705 338 849 381 Meraw,
888 338 1110 384 Woycichius
1147 339 1187 373 de
1226 339 1380 382 Paezavv,
1421 340 1573 374 dominus
1611 339 1716 374 Smilo
1747 339 1787 373 de
1807 339 1967 373 Wiczow
1997 337 2149 373 officialis

275 399 519 435 Olomucensis.
552 398 687 432 Raczko
723 402 905 433 canonicus
926 399 1182 442 Cremsirensis‚
1216 402 1378 445 magister
1398 412 1532 434 camere
1554 403 1767 446 episcopatus
1788 402 1894 434 nostri
1915 399 2150 434 Olomucensis

275 465 305 493 et
334 459 491 493 Nicolaus
523 460 563 493 de
592 459 787 493 Tichowicz
818 464 910 494 curie
939 466 1054 495 nostre
1085 461 1287 507 episcopalis
1316 461 1513 496 marsalcus.
1544 461 1581 495 In
1611 472 1750 506 quorum
1782 465 1847 494 etc.
1877 460 1998 494 Datum
2018 459 2150 495 Meraw

274 532 361 554 anno
392 521 514 554 domini
544 518 699 554 MOCCCO
728 524 952 566 nonagesimo
982 527 1117 565 octavo„
1148 522 1231 556 feria
1262 527 1358 556 sexta
1388 525 1541 568 proxima
1571 527 1648 556 ante
1677 521 1866 555 Invocavit.

587 626 779 659 (l{1·1›111sie1-e1-
804 627 1041 660 Leliensquatern
1068 628 1105 653 11.
1131 637 1158 661 p.
1189 627 1271 660 133)

1162 759 1268 794 457.

275 833 422 877 dolesum,
463 833 615 878 Bisehof
646 845 707 867 ron
750 834 893 877 Olmuttz„
931 836 1075 869 ret-leike
1103 837 1176 870 (lem
1205 837 1314 871 Jalce&
1344 849 1405 871 ron
1436 837 1585 871 Islatlau
1614 837 1669 871 (lie
1709 836 1830 881 Voqteess
1856 838 1891 870 in
1920 835 2149 880 Braunsbery

784 907 824 929 zet
855 896 979 931 Lehen.
1013 897 1071 932 Dt.
1103 898 1221 932 Μίνωι
1251 899 1310 932 22.
1343 898 1502 932 Febrnar
1533 897 1643 932 1398.

439 971 636 1026 ‘lohannes
675 998 737 1027 etc.
784 993 875 1027 Sane
914 997 1047 1028 sincere
1084 994 1283 1030 devocionis
1318 995 1456 1030 affectus
1492 1000 1524 1029 et
1562 994 1638 1029 fidei
1674 997 1801 1041 puritas
1838 994 2021 1037 indefesse,
2051 1004 2149 1039 quam

274 1055 466 1086 carissimus
505 1056 631 1087 amicus
670 1059 702 1088 et
736 1058 1007 1100 consanquineus
1035 1060 1152 1091 noster
1181 1056 1280 1100 Jaxo,
1310 1057 1515 1101 burgravius
1553 1059 1584 1090 in
1624 1061 1735 1090 castro
1764 1060 1880 1091 nostro
1910 1054 2147 1100 Schamnburg,

274 1124 355 1158 erga
391 1124 452 1147 nos
492 1119 524 1147 et
560 1115 738 1149 ecclesiam
775 1120 924 1149 nostram
961 1119 1173 1151 incessanter
1210 1120 1317 1162 gessit
1354 1122 1418 1152 etc.
1458 1128 1518 1151 nos
1554 1117 1726 1161 inducunt,
1762 1122 1797 1152 ut
1834 1119 1940 1162 ipsum
1971 1118 2087 1162 gracia
2117 1119 2150 1150 et

273 1174 393 1208 favore
435 1186 495 1220 pre
537 1179 660 1211 ceteris
697 1187 952 1222 prosequamur.
1002 1177 1108 1223 Igitur
1146 1182 1341 1213 meritorum
1381 1189 1517 1212 suorum
1556 1181 1671 1212 intuitu
1709 1179 1927 1213 advocaciam
1964 1181 1996 1212 in
2025 1176 2148 1223 oppido

272 1240 388 1269 nostro
432 1236 663 1282 Brmmsberg„
707 1248 767 1283 per
810 1243 951 1272 mortem
995 1238 1083 1273 bone
1127 1243 1290 1273 memorie
1328 1239 1456 1273 Henzel
1492 1239 1665 1279 Weinein,
1696 1240 1815 1274 vasalli
1843 1242 1961 1283 nostri,
1991 1238 2149 1274 advocati

273 1296 392 1330 ibidem
430 1300 502 1331 sine
532 1297 645 1332 liberis
674 1298 835 1342 defuncti,
866 1310 926 1333 seu
956 1300 1094 1334 alterius
1123 1303 1352 1346 cuiuscunque
1381 1305 1436 1334 aut
1465 1300 1531 1334 alio
1561 1303 1680 1346 quovis
1711 1301 1810 1336 modo
1839 1301 1879 1335 ad
1908 1311 1971 1335 nos
2000 1300 2149 1345 legitime

274 1357 477 1397 devolutarm
507 1363 646 1405 recepto
676 1362 766 1405 prius
796 1359 836 1393 ab
867 1371 907 1393 eo
937 1365 1000 1394 etc.
1033 1361 1178 1407 desuper
1207 1361 1372 1397 fidelitatis
1403 1361 1513 1396 debite
1543 1366 1575 1395 et
1604 1365 1740 1407 omagii7
1771 1365 1856 1397 sicut
1879 1364 1965 1408 Juris
1994 1366 2028 1396 et
2047 1363 2149 1396 moris

273 1423 335 1462 est,
375 1419 473 1453 solito
508 1421 700 1464 juramento
730 1424 763 1454 in
793 1420 928 1455 feudum
960 1426 991 1456 et
1016 1423 1093 1467 jure
1123 1422 1212 1457 feodi
1243 1423 1394 1457 dedimus
1424 1428 1488 1457 etc.
1519 1434 1558 1456 ac
1587 1423 1802 1469 presentibus
1832 1424 1949 1458 damus
1978 1427 2042 1458 etc.
2073 1434 2148 1458 cum

273 1479 400 1514 duobus
437 1481 649 1523 molendinis,
688 1493 754 1515 uno
791 1482 911 1516 allodio
950 1494 1110 1528 agrorum
1141 1484 1182 1518 de
1212 1484 1315 1518 tribus
1345 1485 1461 1526 laneis,
1492 1487 1595 1531 pratis
1625 1489 1657 1518 et
1685 1484 1824 1529 rubetis7
1863 1489 2014 1520 carnium
2051 1496 2149 1519 mac—

273 1542 364 1576 cellis
395 1547 457 1576 etc.
489 1554 550 1589 per
578 1546 684 1588 ipsum
707 1543 872 1578 Jaxonem
903 1549 935 1578 et
964 1544 1110 1579 heredes
1140 1555 1219 1579 suos
1248 1545 1416 1590 legitimos
1444 1548 1476 1578 in
1502 1545 1637 1580 feudum
1659 1545 1846 1580 habendam
1869 1552 1933 1581 etc.
1955 1559 2030 1582 cum
2051 1548 2148 1594 plena

272 1608 438 1649 potestate
471 1606 548 1648 jure
587 1605 677 1639 feudi
714 1605 834 1639 dictam
873 1606 1093 1640 advocaciam
1131 1606 1313 1649 vendendi,
1350 1606 1507 1649 donandi,
1546 1607 1754 1652 resignandi,
1778 1612 1877 1654 prout
1905 1608 1967 1643 sibi
1996 1613 2052 1643 aut
2079 1612 2148 1644 suis

272 1665 453 1700 heredibus
483 1667 734 1701 commodosius
764 1672 796 1701 et
824 1668 935 1702 utilius
964 1667 1133 1702 videbitur
1162 1667 1336 1713 expedire.
1369 1666 1427 1702 Sic
1455 1672 1578 1712 tamen„
1609 1668 1695 1714 quod
1725 1671 1797 1715 ipse
1825 1668 1912 1703 Jaxo
1929 1675 1984 1704 aut
2004 1681 2149 1705 succes—

271 1737 366 1761 sores
409 1730 459 1761 sui
501 1727 609 1768 nobis,
653 1728 908 1763 successoribus
951 1732 1075 1764 nostris
1118 1733 1149 1763 et
1192 1729 1337 1763 ecclesie
1379 1732 1496 1762 nostre
1538 1729 1579 1762 de
1622 1731 1692 1775 ipsa
1736 1730 1921 1764 advocacia
1969 1736 2000 1766 et
2047 1734 2150 1778 ipsius

271 1791 488 1834 pertinenciis
518 1788 664 1823 debitum
695 1789 820 1824 faciant
848 1793 1031 1824 servicium
1062 1795 1094 1825 et
1122 1790 1260 1824 bernam
1291 1790 1498 1836 persolvant.r
1528 1794 1626 1836 prout
1655 1791 1695 1825 ab
1716 1794 1851 1838 antiquo
1873 1797 1924 1827 est
1943 1793 2031 1828 solvi
2051 1793 2147 1828 solita

272 1854 304 1883 et
333 1854 506 1884 consueta.
537 1850 783 1885 premissorum
814 1854 962 1886 omnium
992 1856 1067 1885 sunt
1097 1856 1200 1886 testes
1230 1851 1350 1886 famosi
1379 1851 1510 1885 Hechto
1541 1856 1573 1885 et
1603 1851 1798 1887 Gerhardus
1827 1853 1922 1888 miles
1951 1854 1992 1888 de
2012 1853 2148 1899 Mir0w‚

272 1911 521 1957 lVoychichius
552 1911 592 1945 de
621 1911 778 1955 Paczavv,
810 1912 970 1946 Nicolaus
998 1912 1093 1947 Mraz
1122 1912 1326 1958 burgravius
1357 1913 1397 1947 de
1424 1912 1549 1947 Mirow
1578 1912 1728 1948 feudales
1757 1918 1790 1948 et
1819 1914 1943 1949 domini
1969 1915 2087 1962 Smylo
2108 1915 2148 1950 de

273 1972 443 2018 Wyczow
473 1971 626 2007 officialis
657 1972 904 2011 olomucensis„
935 1973 1073 2007 Raczko
1103 1977 1286 2008 canonicus
1316 1972 1559 2008 Cremsirensis
1590 1977 1752 2019 magister
1779 1986 1915 2009 camere
1935 1979 2149 2023 episcopatus

273 2036 377 2067 nostri
416 2033 664 2077 Olomucensis‚
704 2038 737 2068 et
774 2033 934 2068 Nicolaus
971 2034 1011 2068 de
1050 2034 1260 2081 Tychowiez
1290 2037 1382 2068 curie
1411 2039 1528 2068 nostre
1557 2035 1797 2070 marschalcus.
1846 2036 1883 2070 In
1912 2048 2054 2082 quorum
2084 2042 2147 2072 etc.

274 2094 393 2127 Datum
423 2094 555 2129 Meraw
584 2106 671 2137 anno
702 2095 826 2129 domini
856 2093 1013 2129 MOCCC0
1041 2099 1264 2141 nonagesimo
1294 2100 1417 2130 octavo
1448 2095 1532 2129 feria
1562 2100 1659 2130 sexta
1679 2099 1833 2143 proxima
1863 2102 1940 2131 aute
1959 2098 2146 2133 Invocavit.

587 2201 776 2235 (Kremsierer
800 2201 1040 2235 Leliensquatern
1066 2202 1104 2229 II.
1126 2197 1158 2236 ‘p.
1188 2202 1271 2237 13²2.)

1164 2322 1271 2358 458.

972 2400 1091 2434 Briltm
1121 2400 1181 2434 31.
1214 2401 1314 2434 Μανῆ
1347 2400 1455 2435 1398.

433 2475 637 2534 Man-kern
672 2495 781 2530 Jodok
816 2496 965 2542 gebiotet
1002 2508 1061 2530 zur
1095 2495 1282 2541 Befreiung
1310 2496 1370 2530 der
1400 2496 1679 2542 Odersetuss'ahri,
1709 2499 1762 2533 die
1791 2499 1997 2534 Kauffahrer
2025 2510 2088 2534 nur
2116 2502 2147 2534 in

276 2554 338 2588 (len
368 2553 708 2598 Nicdcrlagcsladten
739 2569 778 2590 zu
809 2558 986 2603 belangen.

589 2662 712 2690 (κῑαιρι,
737 2663 806 2689 Μ.
835 2664 939 2689 urana.
966 2663 1000 2694 Α,
1025 2663 1138 2690 xxm.
1164 2672 1191 2697 p.
1222 2660 1305 2701 134.)
