2313 3090
1260 176 1308 209 64

352 289 487 318 nostros
522 288 677 318 strenuos
715 286 807 316 viros
844 282 962 315 milites
991 279 1222 314 Bernhardum
1253 278 1359 312 Hecht
1389 279 1430 312 de
1459 278 1725 322 Schuczendorf7
1763 279 1973 314 Gerhardum
2003 279 2043 313 de
2070 279 2213 323 Meraw,

355 343 568 378 Cunczonem
606 344 645 377 de
683 343 807 377 Smola.
847 342 1010 375 Jodocum
1039 339 1239 383 Wolfsberg
1266 339 1363 373 nobis
1392 339 1530 373 dilectos
1573 340 1722 374 eiusdem
1752 340 1896 374 dotalicii
1930 340 2216 374 administratores

353 417 413 439 seu
451 410 589 439 tutores.
626 405 711 450 quod
751 403 879 449 prefate
909 400 1042 435 Cuncze
1071 403 1102 433 in
1131 400 1280 445 predicto
1311 399 1464 433 dotalicio
1495 402 1642 434 adinstar
1671 405 1814 434 tutorum
1844 411 1983 446 preesse
2013 399 2155 434 debeant
2183 404 2216 434 et

353 466 525 512 prodesse.
556 464 769 498 Presencium
800 468 861 496 etc.
919 462 1039 494 Datum
1070 463 1100 493 in
1130 464 1241 493 castro
1271 464 1386 493 nostro
1414 459 1547 494 Meraw
1575 471 1662 494 anno
1690 464 1911 505 nonagesimo
1941 461 2102 504 secundo,
2132 460 2216 495 feria

353 529 463 572 quinta
493 530 645 572 proxima
676 529 750 558 ante
781 524 979 557 dominicam
1009 521 1196 554 Invocavit.
1245 519 1460 554 presentibus
1489 523 1634 555 strenuis
1662 523 1744 555 viris
1773 521 1915 555 dominis
1943 520 2146 566 Marquardo
2176 520 2216 555 de

352 586 563 631 Wolfsborg.
603 584 792 618 Cuniezone
835 583 875 616 de
906 582 1030 624 Smola,
1075 581 1204 615 Jodoco
1249 581 1289 614 de
1319 581 1520 624 WVolfsberg
1561 586 1659 626 atque
1701 580 1850 627 pluribus
1879 582 1950 615 aliis
1981 581 2119 616 testibus
2149 580 2212 616 fide

353 647 461 692 dignis
491 647 529 680 ad
561 648 722 692 premissa
753 646 912 677 constitus
942 641 1118 676 fidelihutis
1146 644 1271 675 nostris
1300 641 1438 675 dilectis.

663 748 735 784 (Aus
760 749 822 773 dem
848 748 1088 781 Lehensquateru
1112 747 1152 772 ΙΙ.
1176 755 1204 780 p.
1230 747 1268 772 54
1293 746 1331 771 im
1355 745 1507 773 fiirsterzb.
1533 746 1659 771 Archive
1683 746 1712 771 in
1736 746 1905 781 Kremsier.)

1253 900 1326 935 Π.

352 982 454 1015 .ΙεὲεΙι·
492 992 553 1015 ron
591 980 750 1014 Klobonlc
787 980 855 1013 und
900 979 1017 1013 Velica
1054 979 1126 1012 sein
1163 977 1302 1011 Bruder
1339 977 1527 1022 rerlfaufen
1559 977 1655 1011 {hren
1686 976 1803 1011 Besitz
1838 978 1881 1010 im
1911 976 2023 1022 Dorfe
2051 976 2217 1011 Ralmsek

490 1043 563 1075 (lem
593 1041 695 1074 Peter
726 1052 788 1073 ron
821 1040 976 1073 Krawafi
1006 1039 1073 1072 und
1102 1038 1205 1072 Peter
1233 1050 1300 1072 rcon
1329 1037 1531 1081 Sternberq.
1564 1037 1620 1071 Dt.
1654 1037 1712 1071 10.
1745 1036 1845 1071 illczrz
1877 1036 1974 1071 1392
2004 1049 2031 1072 s.
2064 1037 2085 1072 l.

507 1118 594 1171 Ros
624 1136 756 1171 Jessiko
787 1137 827 1170 de
857 1135 989 1170 Kobluk
1013 1140 1045 1169 et
1074 1135 1206 1168 VVeliza
1236 1133 1340 1167 frater
1373 1144 1555 1178 germanus
1585 1134 1749 1178 ejusdem.
1778 1133 1940 1179 plebanus
1969 1135 2001 1167 in
2029 1133 2217 1167 Klinowiez

352 1203 462 1231 notum
494 1198 633 1231 facimus
663 1202 781 1231 tenore
810 1199 1023 1243 presencium
1054 1198 1234 1237 universis⁷
1265 1194 1352 1240 quod
1381 1197 1491 1227 animo
1520 1193 1607 1228 bene
1637 1193 1822 1228 deliberato
1843 1198 1874 1228 et
1895 1194 1936 1228 de
1957 1198 2048 1228 certa
2069 1196 2216 1228 sciencia

351 1263 462 1291 nostra
503 1263 533 1291 et
571 1269 643 1291 cum
686 1261 867 1291 amicorum
907 1261 1096 1290 nostrorum
1137 1255 1276 1289 consilio
1314 1257 1423 1288 omnia
1461 1254 1547 1288 bona
1586 1259 1699 1288 nostra
1730 1255 1945 1299 hereditaria,
1986 1266 2049 1300 que
2078 1257 2111 1288 in
2139 1254 2217 1289 villa

350 1319 510 1352 Ralzusek
547 1331 564 1352 a
602 1322 725 1352 nostris
764 1316 1062 1364 predecessoribus
1093 1315 1278 1349 habuimus.
1319 1319 1484 1350 tenuimus
1514 1320 1545 1349 et
1574 1316 1797 1362 possedimus,
1837 1327 1911 1350 cum
1942 1318 2034 1361 agris
2063 1316 2158 1350 cultis
2187 1320 2220 1350 et

351 1380 492 1413 incultis.
522 1382 624 1425 pratis
654 1382 786 1425 pascuis
816 1379 909 1412 silvis
940 1377 1064 1411 rubetis
1095 1379 1188 1422 aquis
1219 1381 1250 1409 et
1280 1387 1394 1410 earum
1424 1377 1596 1411 acursibus
1627 1382 1657 1411 et
1687 1376 1895 1413 decursibus,
1925 1388 1999 1411 cnm
2027 1375 2216 1410 hominihus

352 1445 382 1472 et
420 1439 587 1474 censibus.
627 1451 701 1473 cum
731 1439 884 1473 omnibns
914 1438 1027 1472 usibus
1057 1442 1088 1471 et
1117 1437 1309 1471 utilitatibus
1339 1437 1377 1471 ad
1409 1437 1527 1471 eadem
1556 1436 1642 1471 hona
1672 1436 1926 1483 pertinentibus,
1966 1436 2218 1483 quibuscunque

351 1500 538 1534 nominihus
568 1504 790 1534 nominentur.
821 1512 894 1534 cum
926 1500 1023 1545 pleno
1049 1501 1126 1543 jure
1157 1504 1188 1532 et
1222 1500 1381 1535 dommim
1412 1503 1508 1544 prout
1539 1499 1623 1532 dicta
1654 1498 1739 1531 bona
1771 1497 1810 1531 ab
1841 1498 1912 1531 aliis
1940 1497 2037 1532 bonis
2067 1500 2218 1531 circum-

348 1561 537 1605 jacentibus
567 1561 923 1594 circumferencialiter
953 1565 1025 1593 sunt
1056 1560 1221 1596 distincta.
1251 1559 1352 1594 nichil
1381 1559 1476 1593 nobis
1506 1563 1537 1592 et
1566 1558 1747 1593 heredibus
1786 1562 1909 1592 nostris
1947 1558 2067 1592 ibidem
2097 1569 2218 1593 reser-

353 1622 461 1655 vando
490 1622 698 1655 vendidimus
727 1623 864 1665 etjusto
903 1621 1111 1654 vendicionis
1148 1621 1241 1654 titulo
1271 1621 1447 1654 vendimus
1477 1625 1507 1654 et
1536 1620 1669 1654 vendita
1700 1622 1949 1663 resignavimus
1981 1647 1987 1653 .
2020 1647 2026 1652 .
2059 1647 2065 1652 .
2098 1646 2105 1653 .
2136 1622 2217 1654 viris

352 1682 494 1716 dominis
533 1682 630 1715 Petro
670 1683 710 1716 de
749 1682 912 1715 Crawarn
953 1682 1033 1715 alias
1072 1682 1113 1715 de
1151 1681 1337 1724 Plumnaw,
1372 1681 1469 1715 Petro
1499 1681 1539 1714 de
1570 1680 1758 1725 Sim-nberg
1787 1685 1818 1713 et
1848 1679 2027 1727 heredibus
2056 1683 2216 1726 ipsorum.

352 1742 389 1775 Et
422 1743 545 1776 idcirco
577 1754 636 1776 nos
667 1771 830 1776 .....
862 1742 980 1788 prefati
1020 1743 1220 1788 principales
1259 1754 1297 1775 ac
1337 1753 1397 1775 nos
1427 1741 1580 1775 Herscho
1611 1741 1650 1774 de
1680 1740 1930 1786 'sirpeiiowiCZ‚
1968 1741 2081 1774 Witus
2111 1740 2216 1774 dictus

352 1803 476 1849 Seliipil
507 1804 547 1837 de
577 1804 702 1837 Obora.
734 1803 872 1837 Pessiko
903 1804 1008 1837 dictus
1041 1831 1047 1837 .
1080 1831 1086 1837 .
1120 1832 1125 1837 .
1159 1831 1165 1837 .
1210 1803 1250 1836 de
1279 1801 1439 1836 Rakusek
1468 1812 1598 1835 necnon
1624 1801 1756 1835 Ulricus
1786 1801 1827 1834 tle
1848 1800 2002 1835 Kozisicz
2031 1811 2105 1834 cum
2135 1802 2215 1847 ipsis

352 1869 380 1896 et
420 1875 480 1910 pro
519 1868 597 1910 ipsis
640 1865 777 1908 legitimi
817 1864 1031 1898 fideiussores
1072 1876 1109 1898 ac
1150 1864 1332 1897 eorundem
1363 1863 1525 1896 bonorum
1563 1861 1825 1907 (dishrigatores
1855 1873 1972 1896 omnes
2001 1860 2048 1909 in)
2077 1861 2216 1896 solidum

351 1926 537 1968 conjunctis
576 1925 727 1959 inanibus
766 1928 976 1971 promisimus
1015 1925 1101 1958 bona
1133 1929 1245 1958 nostra
1282 1924 1344 1957 lide
1374 1927 1445 1956 sine
1475 1926 1563 1956 omni
1594 1922 1669 1955 dolo
1699 1922 1888 1967 supradicta
1919 1921 2004 1956 hona
2034 1933 2107 1956 eum
2138 1925 2218 1956 nni-

351 1988 460 2018 versis
492 2014 654 2020 .....
695 1991 947 2031 expressantur.
987 1998 1002 2018 a
1045 1985 1191 2031 quolibet
1229 1985 1363 2019 homine
1399 1988 1463 2016 tam
1502 1983 1645 2016 seculari
1675 1993 1771 2027 quam
1802 1983 1976 2028 spirituali,
2016 1986 2070 2028 qui
2099 1983 2217 2017 eadem

350 2045 434 2078 bona
465 2049 647 2091 impecierit
680 2047 732 2080 vel
765 2047 884 2092 impedi
917 2074 1079 2080 .....
1111 2046 1299 2091 disbrigare
1339 2049 1369 2079 et
1409 2044 1577 2079 libertare.
1617 2046 1910 2089 quocienscunque
1939 2042 2130 2077 movebitur
2157 2054 2217 2077 seu

350 2106 446 2139 fuerit
479 2112 688 2152 oportunum.
709 2112 737 2139 et
769 2111 799 2141 in
830 2111 936 2153 primo
967 2108 1134 2152 colloquio
1165 2107 1373 2140 dominorum
1404 2110 1493 2139 terre
1523 2104 1633 2149 (quam
1664 2107 1803 2149 primum
1835 2103 1943 2137 tabule
1969 2101 2073 2149 terre)
2102 2107 2218 2150 aperte

349 2166 470 2200 fuerint
493 2171 521 2200 in
546 2168 706 2201 Olomuez
729 2169 824 2202 nobis
854 2181 904 2202 ea.
936 2170 989 2202 vel
1020 2172 1045 2202 si
1076 2171 1218 2214 cuipiam
1250 2167 1373 2200 fuerint
1403 2165 1593 2208 intabulata,
1633 2164 1856 2198 extabulando
1886 2165 2024 2210 prefatis
2052 2164 2217 2199 nobilibus

351 2227 491 2260 dominis
521 2233 551 2259 et
582 2231 727 2274 ipsorum
770 2229 976 2263 itwrodibus.
1013 2228 1155 2274 nostris]
1195 2231 1354 2274 inpensis.
1393 2225 1562 2260 laboribus
1591 2230 1622 2259 et
1652 2228 1810 2271 expensis
1843 2225 2027 2259 intabulare
2056 2225 2219 2259 dilacione

352 2291 380 2319 et
413 2289 682 2322 contradiecione
723 2290 919 2335 quibuslibet
956 2290 1070 2336 procul
1102 2292 1209 2323 motis.
1268 2288 1364 2330 Quod
1403 2290 1429 2321 si
1467 2286 1587 2331 aliquid
1626 2286 1850 2331 predictorum
1880 2297 1945 2319 non
1976 2286 2156 2320 fecerimus
2185 2290 2218 2319 et

352 2348 498 2392 predicta
530 2349 614 2382 bona
645 2361 709 2383 non
741 2351 1039 2395 ‹lishrigaverimus
1062 2362 1121 2384 seu
1148 2353 1179 2383 in
1200 2353 1307 2396 primo
1329 2349 1495 2393 colloquio
1516 2347 1724 2381 dominorum
1747 2346 1931 2380 intabulare
1952 2346 2217 2391 neglexerimus,

351 2411 432 2440 sic-nt
463 2421 523 2454 per
552 2422 611 2443 nos
641 2414 793 2456 superins
824 2417 872 2445 est
909 2415 1122 2457 promissum7
1163 2416 1239 2445 tunc
1277 2412 1465 2456 quicunque
1504 2408 1567 2441 duo
1606 2419 1648 2441 ex
1679 2407 1773 2441 nobis
1805 2407 2055 2451 fidejussoribus
2084 2411 2117 2441 et
2145 2406 2219 2441 dis-

352 2470 573 2505 hriuanwilius
609 2482 667 2516 per
702 2472 850 2517 prefatos
895 2472 1021 2506 nobiles
1060 2484 1119 2506 seu
1157 2466 1300 2517 aliquem
1340 2481 1455 2503 eorum
1497 2471 1610 2502 monili
1652 2468 1823 2505 fuerimus,
1867 2467 2003 2513 quilibet
2039 2477 2113 2501 cum
2152 2478 2218 2501 uno

352 2530 474 2562 l'zimnlo
513 2536 542 2563 et
585 2532 712 2565 dnobus
750 2536 844 2577 equis
884 2535 913 2565 in
954 2536 1122 2566 civitatem
1162 2532 1321 2577 Prostays
1360 2531 1398 2564 ad
1443 2530 1626 2576 hospicium
1667 2528 1855 2571 hmwsnun,
1894 2528 1980 2574 quod
2022 2527 2118 2562 nobis
2160 2538 2220 2572 per

352 2591 498 2635 prelatos
536 2592 685 2625 dominos
724 2605 782 2625 seu
818 2596 962 2638 ipsorum
993 2593 1136 2626 heredes
1164 2592 1259 2626 suerit
1291 2592 1491 2637 deputatum„
1532 2601 1615 2624 nnus
1658 2601 1694 2623 se
1744 2601 1803 2635 per
1845 2589 1981 2626 alterius
2027 2588 2217 2623 absenciam

354 2663 416 2684 non
449 2663 625 2686 vvcnszins.
657 2653 694 2685 ad
727 2654 938 2698 prestandum
970 2665 1087 2687 verum
1118 2658 1149 2687 et
1179 2656 1375 2686 consuetum
1406 2652 1592 2695 obstagium
1622 2651 1776 2684 volumus
1797 2649 2007 2692 subintrare3
2037 2648 2078 2683 ab
2098 2649 2216 2683 eodem
