<?xml version="1.0" encoding="UTF-8"?>
<!DOCTYPE html PUBLIC "-//W3C//DTD XHTML 1.0 Transitional//EN"
    "http://www.w3.org/TR/xhtml1/DTD/xhtml1-transitional.dtd">
<html xmlns="http://www.w3.org/1999/xhtml" xml:lang="en" lang="en">
 <head>
  <title>
</title>
<meta http-equiv="Content-Type" content="text/html;charset=utf-8" />
  <meta name='ocr-system' content='tesseract 3.04.00' />
  <meta name='ocr-capabilities' content='ocr_page ocr_carea ocr_par ocr_line ocrx_word'/>
</head>
<body>
  <div class='ocr_page' id='page_1' title='image "./codexdiplomaticu12morauoft_0181.png"; bbox 0 0 2313 3090; ppageno 0'>
   <div class='ocr_carea' id='block_1_1' title="bbox 1015 191 1082 224">
    <p class='ocr_par' dir='ltr' id='par_1_1' title="bbox 1015 191 1082 224">
     <span class='ocr_line' id='line_1_1' title="bbox 1015 191 1082 224; baseline 0 0"><span class='ocrx_word' id='word_1_1' title='bbox 1015 191 1082 224; x_wconf 83' lang='lat'>165</span> 
     </span>
    </p>
   </div>
   <div class='ocr_carea' id='block_1_2' title="bbox 999 242 1149 245">
    <p class='ocr_par' dir='ltr' id='par_1_2' title="bbox 999 242 1149 245">
     <span class='ocr_line' id='line_1_2' title="bbox 999 242 1149 245; baseline 0 0"><span class='ocrx_word' id='word_1_2' title='bbox 999 242 1149 245; x_wconf 95' lang='lat' dir='ltr'> </span> 
     </span>
    </p>
   </div>
   <div class='ocr_carea' id='block_1_3' title="bbox 112 294 1990 1800">
    <p class='ocr_par' dir='ltr' id='par_1_3' title="bbox 112 294 1990 1800">
     <span class='ocr_line' id='line_1_3' title="bbox 112 294 1988 343; baseline 0.002 -13"><span class='ocrx_word' id='word_1_3' title='bbox 112 300 282 342; x_wconf 66' lang='lat' dir='ltr'>graniciis,</span> <span class='ocrx_word' id='word_1_4' title='bbox 295 301 392 343; x_wconf 92' lang='lat' dir='ltr'>prout</span> <span class='ocrx_word' id='word_1_5' title='bbox 405 299 546 341; x_wconf 91' lang='lat' dir='ltr'>ipsemet</span> <span class='ocrx_word' id='word_1_6' title='bbox 562 295 679 329; x_wconf 88' lang='lat' dir='ltr'>eadem</span> <span class='ocrx_word' id='word_1_7' title='bbox 692 294 777 328; x_wconf 92' lang='lat' dir='ltr'>bona</span> <span class='ocrx_word' id='word_1_8' title='bbox 791 296 929 340; x_wconf 86' lang='lat' dir='ltr'>pacitice</span> <span class='ocrx_word' id='word_1_9' title='bbox 947 299 1050 329; x_wconf 87' lang='lat' dir='ltr'>tenuit</span> <span class='ocrx_word' id='word_1_10' title='bbox 1067 301 1098 329; x_wconf 86' lang='lat' dir='ltr'>et</span> <span class='ocrx_word' id='word_1_11' title='bbox 1114 297 1263 342; x_wconf 77' lang='lat' dir='ltr'>possedit</span> <span class='ocrx_word' id='word_1_12' title='bbox 1275 296 1375 330; x_wconf 83' lang='lat' dir='ltr'>nichil</span> <span class='ocrx_word' id='word_1_13' title='bbox 1392 297 1465 339; x_wconf 64' lang='grc'>51111,</span> <span class='ocrx_word' id='word_1_14' title='bbox 1486 297 1665 331; x_wconf 88' lang='lat' dir='ltr'>heredibus</span> <span class='ocrx_word' id='word_1_15' title='bbox 1678 309 1717 332; x_wconf 87' lang='lat' dir='ltr'>ac</span> <span class='ocrx_word' id='word_1_16' title='bbox 1734 298 1988 333; x_wconf 84' lang='lat' dir='ltr'>suecessoribus</span> 
     </span>
     <span class='ocr_line' id='line_1_4' title="bbox 115 355 1988 404; baseline 0 -12"><span class='ocrx_word' id='word_1_17' title='bbox 115 361 182 392; x_wconf 91' lang='lat' dir='ltr'>suis</span> <span class='ocrx_word' id='word_1_18' title='bbox 211 357 431 399; x_wconf 57' lang='lat' dir='ltr'>reservando„</span> <span class='ocrx_word' id='word_1_19' title='bbox 453 356 548 390; x_wconf 89' lang='lat' dir='ltr'>nobis</span> <span class='ocrx_word' id='word_1_20' title='bbox 565 361 597 390; x_wconf 92' lang='lat' dir='ltr'>et</span> <span class='ocrx_word' id='word_1_21' title='bbox 617 355 871 390; x_wconf 80' lang='lat' dir='ltr'>suecessoribus</span> <span class='ocrx_word' id='word_1_22' title='bbox 893 360 1016 389; x_wconf 84' lang='lat' dir='ltr'>nostris</span> <span class='ocrx_word' id='word_1_23' title='bbox 1036 368 1074 389; x_wconf 91' lang='lat' dir='ltr'>ac</span> <span class='ocrx_word' id='word_1_24' title='bbox 1092 357 1237 390; x_wconf 73' lang='lat' dir='ltr'><strong>ecclesie</strong></span> <span class='ocrx_word' id='word_1_25' title='bbox 1254 357 1470 392; x_wconf 88' lang='lat' dir='ltr'>Olomucensi</span> <span class='ocrx_word' id='word_1_26' title='bbox 1489 362 1521 392; x_wconf 92' lang='lat' dir='ltr'>in</span> <span class='ocrx_word' id='word_1_27' title='bbox 1543 364 1737 404; x_wconf 90' lang='lat' dir='ltr'>perpetuum</span> <span class='ocrx_word' id='word_1_28' title='bbox 1761 360 1801 393; x_wconf 93' lang='lat' dir='ltr'>de</span> <span class='ocrx_word' id='word_1_29' title='bbox 1822 371 1988 394; x_wconf 87' lang='lat' dir='ltr'>consensu</span> 
     </span>
     <span class='ocr_line' id='line_1_5' title="bbox 113 416 1987 463; baseline 0.001 -11"><span class='ocrx_word' id='word_1_30' title='bbox 113 421 318 452; x_wconf 83' lang='lat' dir='ltr'>serenissimi</span> <span class='ocrx_word' id='word_1_31' title='bbox 343 421 501 463; x_wconf 88' lang='lat' dir='ltr'>principis</span> <span class='ocrx_word' id='word_1_32' title='bbox 527 422 557 450; x_wconf 89' lang='lat' dir='ltr'>et</span> <span class='ocrx_word' id='word_1_33' title='bbox 584 417 708 451; x_wconf 90' lang='lat' dir='ltr'>domini</span> <span class='ocrx_word' id='word_1_34' title='bbox 734 417 857 450; x_wconf 91' lang='lat' dir='ltr'>domini</span> <span class='ocrx_word' id='word_1_35' title='bbox 873 417 990 450; x_wconf 87' lang='lat' dir='ltr'>Jodoci</span> <span class='ocrx_word' id='word_1_36' title='bbox 1019 416 1225 451; x_wconf 79' lang='grc'>1111116111111115</span> <span class='ocrx_word' id='word_1_37' title='bbox 1251 424 1283 452; x_wconf 86' lang='lat' dir='ltr'>et</span> <span class='ocrx_word' id='word_1_38' title='bbox 1308 419 1430 452; x_wconf 88' lang='lat' dir='ltr'>domini</span> <span class='ocrx_word' id='word_1_39' title='bbox 1455 424 1544 453; x_wconf 88' lang='lat' dir='ltr'>terre</span> <span class='ocrx_word' id='word_1_40' title='bbox 1559 419 1714 454; x_wconf 81' lang='lat' dir='ltr'>Moravie</span> <span class='ocrx_word' id='word_1_41' title='bbox 1734 424 1837 454; x_wconf 91' lang='lat' dir='ltr'>nostri</span> <span class='ocrx_word' id='word_1_42' title='bbox 1865 421 1987 454; x_wconf 91' lang='lat' dir='ltr'>domini</span> 
     </span>
     <span class='ocr_line' id='line_1_6' title="bbox 112 471 1989 526; baseline 0.001 -14"><span class='ocrx_word' id='word_1_43' title='bbox 112 482 252 524; x_wconf 82' lang='lat' dir='ltr'>gratiosi</span> <span class='ocrx_word' id='word_1_44' title='bbox 277 479 378 521; x_wconf 77' lang='lat' dir='ltr'>dedu,</span> <span class='ocrx_word' id='word_1_45' title='bbox 402 471 550 512; x_wconf 80' lang='lat' dir='ltr'>donavit.</span> <span class='ocrx_word' id='word_1_46' title='bbox 568 478 692 521; x_wconf 66' lang='lat' dir='ltr'>legavit</span> <span class='ocrx_word' id='word_1_47' title='bbox 711 482 742 510; x_wconf 89' lang='lat' dir='ltr'>et</span> <span class='ocrx_word' id='word_1_48' title='bbox 758 480 957 521; x_wconf 68' lang='lat' dir='ltr'>assignavit.</span> <span class='ocrx_word' id='word_1_49' title='bbox 984 489 1082 511; x_wconf 88' lang='lat' dir='ltr'>omne</span> <span class='ocrx_word' id='word_1_50' title='bbox 1100 490 1231 524; x_wconf 88' lang='lat' dir='ltr'>quoque</span> <span class='ocrx_word' id='word_1_51' title='bbox 1246 481 1313 523; x_wconf 76' lang='lat' dir='ltr'>jus.</span> <span class='ocrx_word' id='word_1_52' title='bbox 1340 483 1578 526; x_wconf 75' lang='lat' dir='ltr'>proprietatem</span> <span class='ocrx_word' id='word_1_53' title='bbox 1598 485 1628 514; x_wconf 91' lang='grc'>61</span> <span class='ocrx_word' id='word_1_54' title='bbox 1644 484 1907 526; x_wconf 66' lang='grc'>1105565510116111,</span> <span class='ocrx_word' id='word_1_55' title='bbox 1926 492 1989 526; x_wconf 86' lang='lat' dir='ltr'>que</span> 
     </span>
     <span class='ocr_line' id='line_1_7' title="bbox 113 537 1990 587; baseline 0.001 -14"><span class='ocrx_word' id='word_1_56' title='bbox 113 539 186 583; x_wconf 81' lang='lat' dir='ltr'>sibi,</span> <span class='ocrx_word' id='word_1_57' title='bbox 207 539 387 573; x_wconf 76' lang='lat' dir='ltr'>heredibus</span> <span class='ocrx_word' id='word_1_58' title='bbox 408 550 447 572; x_wconf 85' lang='grc'>116</span> <span class='ocrx_word' id='word_1_59' title='bbox 463 538 718 573; x_wconf 84' lang='lat' dir='ltr'>successoribus</span> <span class='ocrx_word' id='word_1_60' title='bbox 734 541 802 572; x_wconf 89' lang='lat' dir='ltr'>suis</span> <span class='ocrx_word' id='word_1_61' title='bbox 819 537 1054 583; x_wconf 74' lang='lat' dir='ltr'>competebant</span> <span class='ocrx_word' id='word_1_62' title='bbox 1069 549 1127 571; x_wconf 89' lang='lat' dir='ltr'>seu</span> <span class='ocrx_word' id='word_1_63' title='bbox 1149 544 1343 584; x_wconf 86' lang='lat' dir='ltr'>competere</span> <span class='ocrx_word' id='word_1_64' title='bbox 1364 545 1517 586; x_wconf 87' lang='lat' dir='ltr'>poterant.</span> <span class='ocrx_word' id='word_1_65' title='bbox 1538 544 1569 575; x_wconf 93' lang='grc'>111</span> <span class='ocrx_word' id='word_1_66' title='bbox 1600 544 1784 587; x_wconf 60' lang='lat' dir='ltr'>premissis„</span> <span class='ocrx_word' id='word_1_67' title='bbox 1816 544 1847 574; x_wconf 89' lang='lat' dir='ltr'>in</span> <span class='ocrx_word' id='word_1_68' title='bbox 1876 552 1936 575; x_wconf 80' lang='lat' dir='ltr'>nos</span> <span class='ocrx_word' id='word_1_69' title='bbox 1958 546 1990 574; x_wconf 88' lang='lat' dir='ltr'>et</span> 
     </span>
     <span class='ocr_line' id='line_1_8' title="bbox 114 598 1989 644; baseline -0.003 -10"><span class='ocrx_word' id='word_1_70' title='bbox 114 600 291 634; x_wconf 88' lang='lat' dir='ltr'>ecclesiam</span> <span class='ocrx_word' id='word_1_71' title='bbox 312 605 459 634; x_wconf 88' lang='lat' dir='ltr'>nostram</span> <span class='ocrx_word' id='word_1_72' title='bbox 482 599 645 633; x_wconf 76' lang='lat' dir='ltr'>transtulit</span> <span class='ocrx_word' id='word_1_73' title='bbox 668 599 721 632; x_wconf 91' lang='lat' dir='ltr'>tali</span> <span class='ocrx_word' id='word_1_74' title='bbox 743 599 851 632; x_wconf 91' lang='lat' dir='ltr'>addita</span> <span class='ocrx_word' id='word_1_75' title='bbox 882 598 1093 634; x_wconf 74' lang='lat' dir='ltr'>condicione.</span> <span class='ocrx_word' id='word_1_76' title='bbox 1124 599 1210 644; x_wconf 86' lang='grc'>1111011</span> <span class='ocrx_word' id='word_1_77' title='bbox 1241 611 1301 633; x_wconf 81' lang='lat' dir='ltr'>nos</span> <span class='ocrx_word' id='word_1_78' title='bbox 1332 606 1363 634; x_wconf 78' lang='lat' dir='ltr'>et</span> <span class='ocrx_word' id='word_1_79' title='bbox 1392 613 1611 636; x_wconf 62' lang='lat' dir='ltr'>successores</span> <span class='ocrx_word' id='word_1_80' title='bbox 1641 605 1745 635; x_wconf 68' lang='lat' dir='ltr'>nostri</span> <span class='ocrx_word' id='word_1_81' title='bbox 1775 601 1935 636; x_wconf 67' lang='lat' dir='ltr'>debemus</span> <span class='ocrx_word' id='word_1_82' title='bbox 1957 606 1989 635; x_wconf 69' lang='lat' dir='ltr'>et</span> 
     </span>
     <span class='ocr_line' id='line_1_9' title="bbox 114 660 1989 708; baseline 0.001 -14"><span class='ocrx_word' id='word_1_83' title='bbox 114 660 233 695; x_wconf 88' lang='lat' dir='ltr'>debent</span> <span class='ocrx_word' id='word_1_84' title='bbox 246 671 368 694; x_wconf 79' lang='lat' dir='ltr'>novem</span> <span class='ocrx_word' id='word_1_85' title='bbox 387 661 536 694; x_wconf 80' lang='lat' dir='ltr'>fertones</span> <span class='ocrx_word' id='word_1_86' title='bbox 552 671 748 704; x_wconf 84' lang='lat' dir='ltr'>grossorum</span> <span class='ocrx_word' id='word_1_87' title='bbox 766 664 796 692; x_wconf 90' lang='lat' dir='ltr'>et</span> <span class='ocrx_word' id='word_1_88' title='bbox 815 664 890 693; x_wconf 87' lang='lat' dir='ltr'>octo</span> <span class='ocrx_word' id='word_1_89' title='bbox 906 670 1047 704; x_wconf 82' lang='lat' dir='ltr'>grossos</span> <span class='ocrx_word' id='word_1_90' title='bbox 1064 663 1232 693; x_wconf 91' lang='lat' dir='ltr'>annuatim</span> <span class='ocrx_word' id='word_1_91' title='bbox 1250 660 1375 695; x_wconf 77' lang='lat' dir='ltr'>habere</span> <span class='ocrx_word' id='word_1_92' title='bbox 1392 663 1431 695; x_wconf 84' lang='lat' dir='ltr'>de</span> <span class='ocrx_word' id='word_1_93' title='bbox 1444 666 1594 708; x_wconf 85' lang='lat' dir='ltr'>pecuniis</span> <span class='ocrx_word' id='word_1_94' title='bbox 1606 663 1818 708; x_wconf 73' lang='lat' dir='ltr'>supradictis,</span> <span class='ocrx_word' id='word_1_95' title='bbox 1833 663 1989 697; x_wconf 85' lang='lat' dir='ltr'>videlieet</span> 
     </span>
     <span class='ocr_line' id='line_1_10' title="bbox 114 719 1986 767; baseline 0 -12"><span class='ocrx_word' id='word_1_96' title='bbox 114 721 195 755; x_wconf 90' lang='lat' dir='ltr'>duas</span> <span class='ocrx_word' id='word_1_97' title='bbox 223 732 418 765; x_wconf 83' lang='lat' dir='ltr'>sexagenas</span> <span class='ocrx_word' id='word_1_98' title='bbox 447 732 644 765; x_wconf 87' lang='lat' dir='ltr'>grossorum</span> <span class='ocrx_word' id='word_1_99' title='bbox 675 731 734 765; x_wconf 91' lang='lat' dir='ltr'>pro</span> <span class='ocrx_word' id='word_1_100' title='bbox 764 719 859 754; x_wconf 87' lang='lat' dir='ltr'>nobis</span> <span class='ocrx_word' id='word_1_101' title='bbox 889 731 948 754; x_wconf 89' lang='lat' dir='ltr'>sen</span> <span class='ocrx_word' id='word_1_102' title='bbox 979 731 1037 766; x_wconf 88' lang='lat' dir='ltr'>pro</span> <span class='ocrx_word' id='word_1_103' title='bbox 1068 720 1239 754; x_wconf 86' lang='lat' dir='ltr'>offertorio</span> <span class='ocrx_word' id='word_1_104' title='bbox 1270 725 1464 756; x_wconf 82' lang='lat' dir='ltr'>retinentes.</span> <span class='ocrx_word' id='word_1_105' title='bbox 1497 723 1536 756; x_wconf 88' lang='lat' dir='ltr'>de</span> <span class='ocrx_word' id='word_1_106' title='bbox 1566 724 1709 757; x_wconf 84' lang='lat' dir='ltr'>residuis</span> <span class='ocrx_word' id='word_1_107' title='bbox 1739 734 1822 757; x_wconf 88' lang='lat' dir='ltr'>vero</span> <span class='ocrx_word' id='word_1_108' title='bbox 1854 727 1986 767; x_wconf 86' lang='lat' dir='ltr'>triginta</span> 
     </span>
     <span class='ocr_line' id='line_1_11' title="bbox 112 779 1989 828; baseline 0.001 -13"><span class='ocrx_word' id='word_1_109' title='bbox 112 785 242 827; x_wconf 86' lang='lat' dir='ltr'>grossis</span> <span class='ocrx_word' id='word_1_110' title='bbox 278 786 419 827; x_wconf 87' lang='lat' dir='ltr'>protunc</span> <span class='ocrx_word' id='word_1_111' title='bbox 457 784 489 814; x_wconf 91' lang='lat' dir='ltr'>in</span> <span class='ocrx_word' id='word_1_112' title='bbox 526 784 761 814; x_wconf 76' lang='lat' dir='ltr'>anniversario</span> <span class='ocrx_word' id='word_1_113' title='bbox 795 779 1018 815; x_wconf 84' lang='lat' dir='ltr'>officiantibus</span> <span class='ocrx_word' id='word_1_114' title='bbox 1049 785 1081 813; x_wconf 91' lang='lat' dir='ltr'>et</span> <span class='ocrx_word' id='word_1_115' title='bbox 1110 781 1193 815; x_wconf 90' lang='lat' dir='ltr'>duos</span> <span class='ocrx_word' id='word_1_116' title='bbox 1222 793 1363 826; x_wconf 85' lang='lat' dir='ltr'>grossos</span> <span class='ocrx_word' id='word_1_117' title='bbox 1393 783 1607 828; x_wconf 86' lang='lat' dir='ltr'>prebendatis</span> <span class='ocrx_word' id='word_1_118' title='bbox 1637 784 1717 817; x_wconf 90' lang='lat' dir='ltr'>dare</span> <span class='ocrx_word' id='word_1_119' title='bbox 1747 796 1806 817; x_wconf 88' lang='lat' dir='ltr'>seu</span> <span class='ocrx_word' id='word_1_120' title='bbox 1836 784 1989 817; x_wconf 84' lang='lat' dir='ltr'>dividere</span> 
     </span>
     <span class='ocr_line' id='line_1_12' title="bbox 114 841 1987 890; baseline 0 -14"><span class='ocrx_word' id='word_1_121' title='bbox 114 842 311 876; x_wconf 85' lang='lat' dir='ltr'>tenebimur.</span> <span class='ocrx_word' id='word_1_122' title='bbox 369 841 410 875; x_wconf 90' lang='lat' dir='ltr'>Et</span> <span class='ocrx_word' id='word_1_123' title='bbox 447 846 521 887; x_wconf 89' lang='lat' dir='ltr'>post</span> <span class='ocrx_word' id='word_1_124' title='bbox 559 846 700 874; x_wconf 86' lang='lat' dir='ltr'>mortem</span> <span class='ocrx_word' id='word_1_125' title='bbox 739 844 840 887; x_wconf 87' lang='lat' dir='ltr'>ipsius</span> <span class='ocrx_word' id='word_1_126' title='bbox 874 841 1091 875; x_wconf 76' lang='lat' dir='ltr'>Wenezestai</span> <span class='ocrx_word' id='word_1_127' title='bbox 1130 846 1298 876; x_wconf 87' lang='lat' dir='ltr'>testatoris</span> <span class='ocrx_word' id='word_1_128' title='bbox 1338 844 1476 888; x_wconf 86' lang='lat' dir='ltr'>singulis</span> <span class='ocrx_word' id='word_1_129' title='bbox 1515 848 1609 877; x_wconf 85' lang='lat' dir='ltr'>annis</span> <span class='ocrx_word' id='word_1_130' title='bbox 1649 848 1879 890; x_wconf 76' lang='lat' dir='ltr'>inperpetuum</span> <span class='ocrx_word' id='word_1_131' title='bbox 1923 855 1987 878; x_wconf 91' lang='lat' dir='ltr'>una</span> 
     </span>
     <span class='ocr_line' id='line_1_13' title="bbox 113 903 1988 948; baseline 0 -11"><span class='ocrx_word' id='word_1_132' title='bbox 113 906 190 937; x_wconf 87' lang='lat' dir='ltr'>vice</span> <span class='ocrx_word' id='word_1_133' title='bbox 227 905 496 937; x_wconf 80' lang='lat' dir='ltr'>anniversarium</span> <span class='ocrx_word' id='word_1_134' title='bbox 534 913 592 948; x_wconf 89' lang='lat' dir='ltr'>pro</span> <span class='ocrx_word' id='word_1_135' title='bbox 631 913 690 935; x_wconf 85' lang='lat' dir='ltr'>sue</span> <span class='ocrx_word' id='word_1_136' title='bbox 724 914 763 935; x_wconf 89' lang='lat' dir='ltr'>ac</span> <span class='ocrx_word' id='word_1_137' title='bbox 801 905 1056 948; x_wconf 86' lang='lat' dir='ltr'>progenitorum</span> <span class='ocrx_word' id='word_1_138' title='bbox 1087 907 1118 935; x_wconf 91' lang='lat' dir='ltr'>et</span> <span class='ocrx_word' id='word_1_139' title='bbox 1148 903 1427 948; x_wconf 71' lang='lat' dir='ltr'>predecessorum</span> <span class='ocrx_word' id='word_1_140' title='bbox 1458 915 1592 938; x_wconf 87' lang='lat' dir='ltr'>suorum</span> <span class='ocrx_word' id='word_1_141' title='bbox 1623 909 1808 939; x_wconf 89' lang='lat' dir='ltr'>animarum</span> <span class='ocrx_word' id='word_1_142' title='bbox 1839 905 1988 939; x_wconf 86' lang='lat' dir='ltr'>remedio</span> 
     </span>
     <span class='ocr_line' id='line_1_14' title="bbox 116 962 1988 1011; baseline 0.001 -13"><span class='ocrx_word' id='word_1_143' title='bbox 116 970 148 998; x_wconf 89' lang='lat' dir='ltr'>et</span> <span class='ocrx_word' id='word_1_144' title='bbox 175 964 281 998; x_wconf 88' lang='lat' dir='ltr'>salute</span> <span class='ocrx_word' id='word_1_145' title='bbox 311 963 471 998; x_wconf 89' lang='lat' dir='ltr'>debemus</span> <span class='ocrx_word' id='word_1_146' title='bbox 501 968 533 997; x_wconf 89' lang='lat' dir='ltr'>et</span> <span class='ocrx_word' id='word_1_147' title='bbox 561 966 783 1009; x_wconf 76' lang='lat' dir='ltr'>promittimus</span> <span class='ocrx_word' id='word_1_148' title='bbox 814 974 981 1008; x_wconf 77' lang='lat' dir='ltr'>peragere</span> <span class='ocrx_word' id='word_1_149' title='bbox 1011 967 1042 996; x_wconf 91' lang='lat' dir='ltr'>et</span> <span class='ocrx_word' id='word_1_150' title='bbox 1072 962 1247 997; x_wconf 85' lang='lat' dir='ltr'>celebrare</span> <span class='ocrx_word' id='word_1_151' title='bbox 1277 968 1309 997; x_wconf 91' lang='lat' dir='ltr'>et</span> <span class='ocrx_word' id='word_1_152' title='bbox 1338 964 1378 998; x_wconf 87' lang='lat' dir='ltr'>de</span> <span class='ocrx_word' id='word_1_153' title='bbox 1404 965 1547 999; x_wconf 80' lang='lat' dir='ltr'>residuis</span> <span class='ocrx_word' id='word_1_154' title='bbox 1568 969 1717 1011; x_wconf 87' lang='lat' dir='ltr'>pecuniis</span> <span class='ocrx_word' id='word_1_155' title='bbox 1739 966 1988 1000; x_wconf 80' lang='lat' dir='ltr'>remanentibus</span> 
     </span>
     <span class='ocr_line' id='line_1_15' title="bbox 115 1023 1989 1072; baseline 0.001 -13"><span class='ocrx_word' id='word_1_156' title='bbox 115 1025 154 1059; x_wconf 86' lang='lat' dir='ltr'>ad</span> <span class='ocrx_word' id='word_1_157' title='bbox 185 1024 349 1071; x_wconf 92' lang='lat' dir='ltr'>hospitale</span> <span class='ocrx_word' id='word_1_158' title='bbox 380 1024 605 1057; x_wconf 87' lang='lat' dir='ltr'>Olomucense</span> <span class='ocrx_word' id='word_1_159' title='bbox 635 1027 666 1057; x_wconf 91' lang='grc'>111</span> <span class='ocrx_word' id='word_1_160' title='bbox 698 1023 855 1069; x_wconf 76' lang='lat' dir='ltr'>preurliio</span> <span class='ocrx_word' id='word_1_161' title='bbox 886 1027 983 1057; x_wconf 89' lang='lat' dir='ltr'>situm</span> <span class='ocrx_word' id='word_1_162' title='bbox 1014 1035 1111 1057; x_wconf 88' lang='lat' dir='ltr'>unam</span> <span class='ocrx_word' id='word_1_163' title='bbox 1143 1036 1290 1058; x_wconf 88' lang='lat' dir='ltr'>marcam</span> <span class='ocrx_word' id='word_1_164' title='bbox 1320 1037 1516 1070; x_wconf 77' lang='lat' dir='ltr'>grossorum</span> <span class='ocrx_word' id='word_1_165' title='bbox 1549 1038 1670 1060; x_wconf 84' lang='lat' dir='ltr'>census</span> <span class='ocrx_word' id='word_1_166' title='bbox 1700 1030 1798 1060; x_wconf 86' lang='lat' dir='ltr'>annui</span> <span class='ocrx_word' id='word_1_167' title='bbox 1838 1030 1989 1072; x_wconf 90' lang='lat' dir='ltr'>perpetui</span> 
     </span>
     <span class='ocr_line' id='line_1_16' title="bbox 114 1084 1988 1130; baseline 0 -10"><span class='ocrx_word' id='word_1_168' title='bbox 114 1085 272 1120; x_wconf 87' lang='lat' dir='ltr'>videlicet</span> <span class='ocrx_word' id='word_1_169' title='bbox 300 1085 441 1130; x_wconf 88' lang='lat' dir='ltr'>singulis</span> <span class='ocrx_word' id='word_1_170' title='bbox 471 1088 612 1130; x_wconf 89' lang='lat' dir='ltr'>quatuor</span> <span class='ocrx_word' id='word_1_171' title='bbox 640 1084 847 1130; x_wconf 81' lang='lat' dir='ltr'>temporibus</span> <span class='ocrx_word' id='word_1_172' title='bbox 877 1095 975 1118; x_wconf 90' lang='lat' dir='ltr'>unum</span> <span class='ocrx_word' id='word_1_173' title='bbox 1007 1084 1170 1118; x_wconf 85' lang='lat' dir='ltr'>fertonem</span> <span class='ocrx_word' id='word_1_174' title='bbox 1201 1096 1397 1130; x_wconf 86' lang='lat' dir='ltr'>grossorum</span> <span class='ocrx_word' id='word_1_175' title='bbox 1429 1091 1458 1119; x_wconf 87' lang='lat' dir='ltr'>et</span> <span class='ocrx_word' id='word_1_176' title='bbox 1490 1090 1623 1120; x_wconf 89' lang='lat' dir='ltr'>missam</span> <span class='ocrx_word' id='word_1_177' title='bbox 1656 1087 1775 1121; x_wconf 85' lang='lat' dir='ltr'>ibidem</span> <span class='ocrx_word' id='word_1_178' title='bbox 1806 1087 1988 1121; x_wconf 82' lang='lat' dir='ltr'>celebranti</span> 
     </span>
     <span class='ocr_line' id='line_1_17' title="bbox 116 1145 1987 1194; baseline 0 -14"><span class='ocrx_word' id='word_1_179' title='bbox 116 1157 214 1180; x_wconf 90' lang='lat' dir='ltr'>unum</span> <span class='ocrx_word' id='word_1_180' title='bbox 244 1157 400 1191; x_wconf 85' lang='lat' dir='ltr'>grossum</span> <span class='ocrx_word' id='word_1_181' title='bbox 431 1149 464 1179; x_wconf 87' lang='lat' dir='ltr'>et</span> <span class='ocrx_word' id='word_1_182' title='bbox 493 1145 682 1190; x_wconf 89' lang='lat' dir='ltr'>quindecim</span> <span class='ocrx_word' id='word_1_183' title='bbox 711 1156 851 1189; x_wconf 83' lang='lat' dir='ltr'>grossos</span> <span class='ocrx_word' id='word_1_184' title='bbox 881 1148 1004 1179; x_wconf 89' lang='lat' dir='ltr'>ceteris</span> <span class='ocrx_word' id='word_1_185' title='bbox 1032 1145 1235 1192; x_wconf 86' lang='lat' dir='ltr'>pauperibus</span> <span class='ocrx_word' id='word_1_186' title='bbox 1265 1146 1386 1180; x_wconf 84' lang='lat' dir='ltr'>ibidem</span> <span class='ocrx_word' id='word_1_187' title='bbox 1409 1151 1439 1181; x_wconf 91' lang='lat' dir='ltr'>in</span> <span class='ocrx_word' id='word_1_188' title='bbox 1462 1148 1614 1194; x_wconf 90' lang='lat' dir='ltr'>hospitali</span> <span class='ocrx_word' id='word_1_189' title='bbox 1638 1148 1837 1193; x_wconf 81' lang='lat' dir='ltr'>degentibus</span> <span class='ocrx_word' id='word_1_190' title='bbox 1859 1159 1987 1192; x_wconf 84' lang='lat' dir='ltr'>eroga—</span> 
     </span>
     <span class='ocr_line' id='line_1_18' title="bbox 116 1205 1987 1253; baseline 0.001 -12"><span class='ocrx_word' id='word_1_191' title='bbox 116 1206 235 1241; x_wconf 89' lang='lat' dir='ltr'>himus.</span> <span class='ocrx_word' id='word_1_192' title='bbox 292 1205 329 1240; x_wconf 92' lang='lat' dir='ltr'>Si</span> <span class='ocrx_word' id='word_1_193' title='bbox 358 1211 466 1240; x_wconf 90' lang='lat' dir='ltr'>autem</span> <span class='ocrx_word' id='word_1_194' title='bbox 497 1209 528 1239; x_wconf 92' lang='lat' dir='ltr'>in</span> <span class='ocrx_word' id='word_1_195' title='bbox 559 1209 630 1251; x_wconf 89' lang='lat' dir='ltr'>ipso</span> <span class='ocrx_word' id='word_1_196' title='bbox 660 1205 814 1251; x_wconf 88' lang='lat' dir='ltr'>hospitali</span> <span class='ocrx_word' id='word_1_197' title='bbox 845 1206 951 1239; x_wconf 88' lang='lat' dir='ltr'>nullus</span> <span class='ocrx_word' id='word_1_198' title='bbox 974 1209 1108 1240; x_wconf 89' lang='lat' dir='ltr'>missam</span> <span class='ocrx_word' id='word_1_199' title='bbox 1130 1218 1170 1240; x_wconf 89' lang='lat' dir='ltr'>eo</span> <span class='ocrx_word' id='word_1_200' title='bbox 1202 1212 1352 1253; x_wconf 88' lang='lat' dir='ltr'>tempore</span> <span class='ocrx_word' id='word_1_201' title='bbox 1383 1208 1583 1242; x_wconf 76' lang='lat' dir='ltr'>celebraret.</span> <span class='ocrx_word' id='word_1_202' title='bbox 1614 1215 1689 1243; x_wconf 90' lang='lat' dir='ltr'>tunc</span> <span class='ocrx_word' id='word_1_203' title='bbox 1721 1210 1804 1242; x_wconf 89' lang='lat' dir='ltr'>idem</span> <span class='ocrx_word' id='word_1_204' title='bbox 1835 1220 1987 1253; x_wconf 48' lang='lat' dir='ltr'>grossus</span> 
     </span>
     <span class='ocr_line' id='line_1_19' title="bbox 117 1265 1987 1315; baseline 0.001 -13"><span class='ocrx_word' id='word_1_205' title='bbox 117 1268 275 1302; x_wconf 78' lang='lat' dir='ltr'>officianti</span> <span class='ocrx_word' id='word_1_206' title='bbox 301 1268 487 1313; x_wconf 49' lang='lat' dir='ltr'>deputatus5</span> <span class='ocrx_word' id='word_1_207' title='bbox 518 1265 720 1313; x_wconf 86' lang='lat' dir='ltr'>pauperibus</span> <span class='ocrx_word' id='word_1_208' title='bbox 750 1266 908 1312; x_wconf 88' lang='lat' dir='ltr'>predictis</span> <span class='ocrx_word' id='word_1_209' title='bbox 938 1272 967 1300; x_wconf 90' lang='lat' dir='ltr'>et</span> <span class='ocrx_word' id='word_1_210' title='bbox 1001 1267 1138 1301; x_wconf 84' lang='lat' dir='ltr'>infirmis</span> <span class='ocrx_word' id='word_1_211' title='bbox 1167 1272 1370 1314; x_wconf 80' lang='lat' dir='ltr'>porrigatur.</span> <span class='ocrx_word' id='word_1_212' title='bbox 1403 1269 1541 1315; x_wconf 85' lang='lat' dir='ltr'>Insuper</span> <span class='ocrx_word' id='word_1_213' title='bbox 1571 1273 1669 1303; x_wconf 85' lang='lat' dir='ltr'>etiam</span> <span class='ocrx_word' id='word_1_214' title='bbox 1701 1282 1761 1303; x_wconf 88' lang='lat' dir='ltr'>nos</span> <span class='ocrx_word' id='word_1_215' title='bbox 1790 1275 1821 1303; x_wconf 86' lang='lat' dir='ltr'>et</span> <span class='ocrx_word' id='word_1_216' title='bbox 1842 1281 1987 1303; x_wconf 84' lang='lat' dir='ltr'>succes-</span> 
     </span>
     <span class='ocr_line' id='line_1_20' title="bbox 116 1327 1987 1375; baseline 0 -12"><span class='ocrx_word' id='word_1_217' title='bbox 116 1339 211 1363; x_wconf 88' lang='lat' dir='ltr'>sores</span> <span class='ocrx_word' id='word_1_218' title='bbox 248 1331 355 1362; x_wconf 86' lang='lat' dir='ltr'>nostri</span> <span class='ocrx_word' id='word_1_219' title='bbox 393 1327 561 1361; x_wconf 87' lang='lat' dir='ltr'>residuam</span> <span class='ocrx_word' id='word_1_220' title='bbox 599 1332 726 1373; x_wconf 88' lang='lat' dir='ltr'>partem</span> <span class='ocrx_word' id='word_1_221' title='bbox 768 1331 983 1372; x_wconf 81' lang='lat' dir='ltr'>pecuniarum</span> <span class='ocrx_word' id='word_1_222' title='bbox 1028 1328 1186 1362; x_wconf 81' lang='lat' dir='ltr'>videlicet</span> <span class='ocrx_word' id='word_1_223' title='bbox 1228 1334 1355 1375; x_wconf 87' lang='lat' dir='ltr'>septem</span> <span class='ocrx_word' id='word_1_224' title='bbox 1401 1341 1531 1363; x_wconf 81' lang='lat' dir='ltr'>marcas</span> <span class='ocrx_word' id='word_1_225' title='bbox 1574 1342 1771 1375; x_wconf 80' lang='lat' dir='ltr'>grossorum</span> <span class='ocrx_word' id='word_1_226' title='bbox 1815 1336 1846 1364; x_wconf 87' lang='lat' dir='ltr'>et</span> <span class='ocrx_word' id='word_1_227' title='bbox 1888 1341 1987 1364; x_wconf 88' lang='grc'>111111111</span> 
     </span>
     <span class='ocr_line' id='line_1_21' title="bbox 116 1387 1988 1434; baseline 0 -11"><span class='ocrx_word' id='word_1_228' title='bbox 116 1389 281 1423; x_wconf 86' lang='lat' dir='ltr'>fertonem</span> <span class='ocrx_word' id='word_1_229' title='bbox 316 1391 421 1434; x_wconf 91' lang='lat' dir='ltr'>priori</span> <span class='ocrx_word' id='word_1_230' title='bbox 460 1392 492 1422; x_wconf 90' lang='lat' dir='ltr'>et</span> <span class='ocrx_word' id='word_1_231' title='bbox 530 1391 711 1422; x_wconf 86' lang='lat' dir='ltr'>conventui</span> <span class='ocrx_word' id='word_1_232' title='bbox 752 1387 976 1433; x_wconf 78' lang='lat' dir='ltr'>fratribusque</span> <span class='ocrx_word' id='word_1_233' title='bbox 1015 1392 1209 1423; x_wconf 88' lang='lat' dir='ltr'>monasterii</span> <span class='ocrx_word' id='word_1_234' title='bbox 1248 1393 1353 1424; x_wconf 90' lang='lat' dir='ltr'>sancti</span> <span class='ocrx_word' id='word_1_235' title='bbox 1383 1390 1558 1424; x_wconf 84' lang='lat' dir='ltr'>Michaelis</span> <span class='ocrx_word' id='word_1_236' title='bbox 1596 1394 1626 1424; x_wconf 94' lang='grc'>111</span> <span class='ocrx_word' id='word_1_237' title='bbox 1663 1391 1823 1425; x_wconf 84' lang='lat' dir='ltr'>Olomucz</span> <span class='ocrx_word' id='word_1_238' title='bbox 1863 1391 1988 1424; x_wconf 90' lang='lat' dir='ltr'>ordinis</span> 
     </span>
     <span class='ocr_line' id='line_1_22' title="bbox 116 1449 1988 1496; baseline 0.001 -13"><span class='ocrx_word' id='word_1_239' title='bbox 116 1450 362 1496; x_wconf 87' lang='lat' dir='ltr'>predicatorum</span> <span class='ocrx_word' id='word_1_240' title='bbox 399 1449 539 1494; x_wconf 88' lang='lat' dir='ltr'>singulis</span> <span class='ocrx_word' id='word_1_241' title='bbox 575 1452 670 1483; x_wconf 90' lang='lat' dir='ltr'>annis</span> <span class='ocrx_word' id='word_1_242' title='bbox 709 1453 879 1494; x_wconf 79' lang='lat' dir='ltr'>perpetuis</span> <span class='ocrx_word' id='word_1_243' title='bbox 917 1449 1122 1495; x_wconf 88' lang='lat' dir='ltr'>temporibus</span> <span class='ocrx_word' id='word_1_244' title='bbox 1162 1449 1323 1484; x_wconf 87' lang='lat' dir='ltr'>debemus</span> <span class='ocrx_word' id='word_1_245' title='bbox 1363 1456 1395 1484; x_wconf 88' lang='lat' dir='ltr'>et</span> <span class='ocrx_word' id='word_1_246' title='bbox 1432 1450 1553 1485; x_wconf 88' lang='lat' dir='ltr'>dehent</span> <span class='ocrx_word' id='word_1_247' title='bbox 1583 1452 1662 1485; x_wconf 88' lang='lat' dir='ltr'>dare</span> <span class='ocrx_word' id='word_1_248' title='bbox 1691 1457 1723 1485; x_wconf 86' lang='lat' dir='ltr'>et</span> <span class='ocrx_word' id='word_1_249' title='bbox 1751 1455 1926 1496; x_wconf 85' lang='lat' dir='ltr'>assignare</span> <span class='ocrx_word' id='word_1_250' title='bbox 1956 1455 1988 1484; x_wconf 84' lang='lat' dir='ltr'>et</span> 
     </span>
     <span class='ocr_line' id='line_1_23' title="bbox 117 1509 1990 1557; baseline 0 -13"><span class='ocrx_word' id='word_1_251' title='bbox 117 1514 305 1556; x_wconf 82' lang='lat' dir='ltr'>quicunque</span> <span class='ocrx_word' id='word_1_252' title='bbox 334 1511 518 1557; x_wconf 90' lang='lat' dir='ltr'>predictam</span> <span class='ocrx_word' id='word_1_253' title='bbox 549 1510 660 1543; x_wconf 79' lang='lat' dir='ltr'>villam</span> <span class='ocrx_word' id='word_1_254' title='bbox 691 1521 729 1543; x_wconf 90' lang='lat' dir='ltr'>ac</span> <span class='ocrx_word' id='word_1_255' title='bbox 761 1509 845 1544; x_wconf 88' lang='grc'>11111111</span> <span class='ocrx_word' id='word_1_256' title='bbox 877 1510 917 1543; x_wconf 86' lang='lat' dir='ltr'>de</span> <span class='ocrx_word' id='word_1_257' title='bbox 946 1510 1117 1544; x_wconf 77' lang='lat' dir='ltr'>voluntate</span> <span class='ocrx_word' id='word_1_258' title='bbox 1147 1516 1262 1544; x_wconf 83' lang='lat' dir='ltr'>nostra</span> <span class='ocrx_word' id='word_1_259' title='bbox 1292 1516 1324 1545; x_wconf 90' lang='lat' dir='ltr'>et</span> <span class='ocrx_word' id='word_1_260' title='bbox 1353 1523 1587 1546; x_wconf 85' lang='lat' dir='ltr'>successorum</span> <span class='ocrx_word' id='word_1_261' title='bbox 1619 1517 1808 1546; x_wconf 80' lang='lat' dir='ltr'>nostrorum</span> <span class='ocrx_word' id='word_1_262' title='bbox 1847 1515 1990 1545; x_wconf 88' lang='lat' dir='ltr'>tenuerit</span> 
     </span>
     <span class='ocr_line' id='line_1_24' title="bbox 117 1570 1990 1618; baseline -0.001 -12"><span class='ocrx_word' id='word_1_263' title='bbox 117 1583 175 1607; x_wconf 92' lang='lat' dir='ltr'>seu</span> <span class='ocrx_word' id='word_1_264' title='bbox 196 1575 335 1616; x_wconf 73' lang='lat' dir='ltr'>rexerit,</span> <span class='ocrx_word' id='word_1_265' title='bbox 358 1571 455 1606; x_wconf 90' lang='lat' dir='ltr'>debet</span> <span class='ocrx_word' id='word_1_266' title='bbox 476 1571 556 1605; x_wconf 88' lang='lat' dir='ltr'>dare</span> <span class='ocrx_word' id='word_1_267' title='bbox 577 1570 735 1604; x_wconf 84' lang='lat' dir='ltr'>fratribus</span> <span class='ocrx_word' id='word_1_268' title='bbox 756 1571 927 1616; x_wconf 61' lang='grc'>111-61116115,</span> <span class='ocrx_word' id='word_1_269' title='bbox 956 1574 1009 1616; x_wconf 86' lang='lat' dir='ltr'>qui</span> <span class='ocrx_word' id='word_1_270' title='bbox 1040 1571 1165 1615; x_wconf 69' lang='lat' dir='ltr'>vigiliis</span> <span class='ocrx_word' id='word_1_271' title='bbox 1194 1575 1358 1606; x_wconf 84' lang='lat' dir='ltr'>intersunt</span> <span class='ocrx_word' id='word_1_272' title='bbox 1378 1578 1407 1606; x_wconf 91' lang='lat' dir='ltr'>et</span> <span class='ocrx_word' id='word_1_273' title='bbox 1430 1573 1650 1607; x_wconf 78' lang='lat' dir='ltr'>officiantibus</span> <span class='ocrx_word' id='word_1_274' title='bbox 1680 1574 1819 1618; x_wconf 81' lang='lat' dir='ltr'>singulis</span> <span class='ocrx_word' id='word_1_275' title='bbox 1849 1578 1990 1618; x_wconf 85' lang='lat' dir='ltr'>quatuor</span> 
     </span>
     <span class='ocr_line' id='line_1_25' title="bbox 117 1631 1988 1680; baseline -0.001 -13"><span class='ocrx_word' id='word_1_276' title='bbox 117 1632 322 1679; x_wconf 89' lang='lat' dir='ltr'>temporibus</span> <span class='ocrx_word' id='word_1_277' title='bbox 361 1644 459 1666; x_wconf 90' lang='lat' dir='ltr'>unam</span> <span class='ocrx_word' id='word_1_278' title='bbox 499 1642 644 1665; x_wconf 85' lang='lat' dir='ltr'>marcam</span> <span class='ocrx_word' id='word_1_279' title='bbox 684 1642 744 1676; x_wconf 91' lang='lat' dir='ltr'>pro</span> <span class='ocrx_word' id='word_1_280' title='bbox 781 1634 927 1677; x_wconf 88' lang='lat' dir='ltr'>ipsorum</span> <span class='ocrx_word' id='word_1_281' title='bbox 959 1631 1152 1665; x_wconf 84' lang='lat' dir='ltr'>utilitatibus</span> <span class='ocrx_word' id='word_1_282' title='bbox 1181 1637 1213 1666; x_wconf 91' lang='lat' dir='ltr'>et</span> <span class='ocrx_word' id='word_1_283' title='bbox 1243 1637 1365 1667; x_wconf 85' lang='lat' dir='ltr'>vestitu</span> <span class='ocrx_word' id='word_1_284' title='bbox 1396 1638 1428 1667; x_wconf 89' lang='lat' dir='ltr'>et</span> <span class='ocrx_word' id='word_1_285' title='bbox 1458 1639 1525 1668; x_wconf 91' lang='lat' dir='ltr'>tres</span> <span class='ocrx_word' id='word_1_286' title='bbox 1555 1634 1704 1667; x_wconf 87' lang='lat' dir='ltr'>fertones</span> <span class='ocrx_word' id='word_1_287' title='bbox 1734 1646 1792 1680; x_wconf 91' lang='lat' dir='ltr'>pro</span> <span class='ocrx_word' id='word_1_288' title='bbox 1823 1645 1900 1667; x_wconf 88' lang='lat' dir='ltr'>cera</span> <span class='ocrx_word' id='word_1_289' title='bbox 1931 1645 1988 1667; x_wconf 87' lang='lat' dir='ltr'>seu</span> 
     </span>
     <span class='ocr_line' id='line_1_26' title="bbox 118 1692 1988 1740; baseline -0.001 -12"><span class='ocrx_word' id='word_1_290' title='bbox 118 1697 227 1728; x_wconf 86' lang='lat' dir='ltr'>cereis</span> <span class='ocrx_word' id='word_1_291' title='bbox 262 1693 453 1736; x_wconf 66' lang='lat' dir='ltr'>luminibus,</span> <span class='ocrx_word' id='word_1_292' title='bbox 494 1693 623 1726; x_wconf 86' lang='lat' dir='ltr'>scilicet</span> <span class='ocrx_word' id='word_1_293' title='bbox 657 1692 797 1737; x_wconf 82' lang='lat' dir='ltr'>singulis</span> <span class='ocrx_word' id='word_1_294' title='bbox 827 1697 968 1737; x_wconf 85' lang='lat' dir='ltr'>quatuor</span> <span class='ocrx_word' id='word_1_295' title='bbox 1004 1693 1209 1738; x_wconf 87' lang='lat' dir='ltr'>temporibus</span> <span class='ocrx_word' id='word_1_296' title='bbox 1248 1694 1422 1728; x_wconf 88' lang='lat' dir='ltr'>duodecim</span> <span class='ocrx_word' id='word_1_297' title='bbox 1466 1706 1618 1740; x_wconf 82' lang='lat' dir='ltr'>grossos.</span> <span class='ocrx_word' id='word_1_298' title='bbox 1677 1695 1789 1728; x_wconf 83' lang='lat' dir='ltr'>Eciam</span> <span class='ocrx_word' id='word_1_299' title='bbox 1828 1695 1891 1728; x_wconf 88' lang='lat' dir='ltr'>ille.</span> <span class='ocrx_word' id='word_1_300' title='bbox 1935 1697 1988 1739; x_wconf 91' lang='lat' dir='ltr'>qui</span> 
     </span>
     <span class='ocr_line' id='line_1_27' title="bbox 118 1753 1989 1800; baseline 0 -12"><span class='ocrx_word' id='word_1_301' title='bbox 118 1754 230 1788; x_wconf 88' lang='lat' dir='ltr'>villam</span> <span class='ocrx_word' id='word_1_302' title='bbox 260 1754 443 1800; x_wconf 88' lang='lat' dir='ltr'>predictam</span> <span class='ocrx_word' id='word_1_303' title='bbox 473 1756 608 1787; x_wconf 89' lang='lat' dir='ltr'>nomine</span> <span class='ocrx_word' id='word_1_304' title='bbox 638 1758 668 1786; x_wconf 89' lang='lat' dir='ltr'>et</span> <span class='ocrx_word' id='word_1_305' title='bbox 699 1753 870 1786; x_wconf 75' lang='lat' dir='ltr'>voluntate</span> <span class='ocrx_word' id='word_1_306' title='bbox 901 1754 1045 1787; x_wconf 83' lang='lat' dir='ltr'>ecclesie</span> <span class='ocrx_word' id='word_1_307' title='bbox 1075 1759 1188 1787; x_wconf 87' lang='lat' dir='ltr'>nostre</span> <span class='ocrx_word' id='word_1_308' title='bbox 1215 1755 1668 1791; x_wconf 36' lang='grc'>1611111111111116115111-1111111115</span> <span class='ocrx_word' id='word_1_309' title='bbox 1688 1756 1827 1800; x_wconf 78' lang='lat' dir='ltr'>singulis</span> <span class='ocrx_word' id='word_1_310' title='bbox 1848 1760 1989 1800; x_wconf 86' lang='lat' dir='ltr'>quatuor</span> 
     </span>
    </p>
   </div>
   <div class='ocr_carea' id='block_1_4' title="bbox 63 1815 1988 1862">
    <p class='ocr_par' dir='ltr' id='par_1_4' title="bbox 63 1815 1988 1862">
     <span class='ocr_line' id='line_1_28' title="bbox 63 1815 1988 1862; baseline -0.001 -13"><span class='ocrx_word' id='word_1_311' title='bbox 63 1818 68 1824; x_wconf 93' lang='lat'>&#39;</span> <span class='ocrx_word' id='word_1_312' title='bbox 119 1815 326 1861; x_wconf 88' lang='lat' dir='ltr'>temporibus</span> <span class='ocrx_word' id='word_1_313' title='bbox 355 1815 448 1849; x_wconf 86' lang='lat' dir='ltr'>feriis</span> <span class='ocrx_word' id='word_1_314' title='bbox 477 1817 583 1848; x_wconf 84' lang='lat' dir='ltr'>sextis</span> <span class='ocrx_word' id='word_1_315' title='bbox 612 1817 746 1858; x_wconf 82' lang='lat' dir='ltr'>triginta</span> <span class='ocrx_word' id='word_1_316' title='bbox 777 1818 852 1847; x_wconf 86' lang='lat' dir='ltr'>octo</span> <span class='ocrx_word' id='word_1_317' title='bbox 881 1825 1021 1859; x_wconf 83' lang='lat' dir='ltr'>grossos</span> <span class='ocrx_word' id='word_1_318' title='bbox 1051 1826 1110 1860; x_wconf 88' lang='lat' dir='ltr'>pro</span> <span class='ocrx_word' id='word_1_319' title='bbox 1140 1815 1286 1860; x_wconf 83' lang='lat' dir='ltr'>piscibus</span> <span class='ocrx_word' id='word_1_320' title='bbox 1315 1816 1353 1849; x_wconf 88' lang='lat' dir='ltr'>ad</span> <span class='ocrx_word' id='word_1_321' title='bbox 1385 1820 1559 1862; x_wconf 86' lang='lat' dir='ltr'>coquinam</span> <span class='ocrx_word' id='word_1_322' title='bbox 1591 1818 1671 1850; x_wconf 87' lang='lat' dir='ltr'>dare</span> <span class='ocrx_word' id='word_1_323' title='bbox 1692 1816 1857 1850; x_wconf 80' lang='lat' dir='ltr'>tenebitur</span> <span class='ocrx_word' id='word_1_324' title='bbox 1878 1820 1909 1849; x_wconf 88' lang='lat' dir='ltr'>et</span> <span class='ocrx_word' id='word_1_325' title='bbox 1929 1827 1988 1861; x_wconf 91' lang='lat' dir='ltr'>pro</span> 
     </span>
    </p>
   </div>
   <div class='ocr_carea' id='block_1_5' title="bbox 119 1874 1990 2711">
    <p class='ocr_par' dir='ltr' id='par_1_5' title="bbox 119 1874 1990 2711">
     <span class='ocr_line' id='line_1_29' title="bbox 119 1874 1987 1922; baseline -0.001 -12"><span class='ocrx_word' id='word_1_326' title='bbox 119 1876 244 1910; x_wconf 89' lang='lat' dir='ltr'>eisdem</span> <span class='ocrx_word' id='word_1_327' title='bbox 275 1877 315 1910; x_wconf 88' lang='lat' dir='ltr'>ad</span> <span class='ocrx_word' id='word_1_328' title='bbox 346 1876 621 1909; x_wconf 89' lang='lat' dir='ltr'>melioracionem</span> <span class='ocrx_word' id='word_1_329' title='bbox 651 1874 779 1919; x_wconf 88' lang='lat' dir='ltr'>prandii</span> <span class='ocrx_word' id='word_1_330' title='bbox 811 1878 920 1920; x_wconf 82' lang='lat' dir='ltr'>pisces</span> <span class='ocrx_word' id='word_1_331' title='bbox 941 1876 1164 1920; x_wconf 82' lang='lat' dir='ltr'>personaliter</span> <span class='ocrx_word' id='word_1_332' title='bbox 1185 1887 1394 1922; x_wconf 85' lang='lat' dir='ltr'>comparare.</span> <span class='ocrx_word' id='word_1_333' title='bbox 1426 1876 1555 1911; x_wconf 85' lang='lat' dir='ltr'>Deinde</span> <span class='ocrx_word' id='word_1_334' title='bbox 1579 1881 1684 1911; x_wconf 90' lang='lat' dir='ltr'>eciam</span> <span class='ocrx_word' id='word_1_335' title='bbox 1707 1877 1828 1910; x_wconf 87' lang='lat' dir='ltr'>fratres</span> <span class='ocrx_word' id='word_1_336' title='bbox 1849 1877 1987 1922; x_wconf 87' lang='lat' dir='ltr'>predicti</span> 
     </span>
     <span class='ocr_line' id='line_1_30' title="bbox 119 1935 1987 1982; baseline -0.001 -11"><span class='ocrx_word' id='word_1_337' title='bbox 119 1937 240 1971; x_wconf 88' lang='lat' dir='ltr'>debent</span> <span class='ocrx_word' id='word_1_338' title='bbox 275 1941 307 1970; x_wconf 90' lang='lat' dir='ltr'>et</span> <span class='ocrx_word' id='word_1_339' title='bbox 342 1936 542 1970; x_wconf 89' lang='lat' dir='ltr'>tenebuntur</span> <span class='ocrx_word' id='word_1_340' title='bbox 579 1935 718 1980; x_wconf 85' lang='lat' dir='ltr'>singulis</span> <span class='ocrx_word' id='word_1_341' title='bbox 756 1939 851 1968; x_wconf 78' lang='lat' dir='ltr'>anuis</span> <span class='ocrx_word' id='word_1_342' title='bbox 887 1936 989 1969; x_wconf 89' lang='lat' dir='ltr'>semel</span> <span class='ocrx_word' id='word_1_343' title='bbox 1031 1939 1059 1969; x_wconf 94' lang='grc'>111</span> <span class='ocrx_word' id='word_1_344' title='bbox 1095 1936 1239 1981; x_wconf 84' lang='lat' dir='ltr'>qualibet</span> <span class='ocrx_word' id='word_1_345' title='bbox 1269 1941 1451 1982; x_wconf 80' lang='lat' dir='ltr'>septimana</span> <span class='ocrx_word' id='word_1_346' title='bbox 1483 1938 1640 1972; x_wconf 65' lang='lat' dir='ltr'>videlieet</span> <span class='ocrx_word' id='word_1_347' title='bbox 1669 1939 1813 1972; x_wconf 85' lang='lat' dir='ltr'>secunda</span> <span class='ocrx_word' id='word_1_348' title='bbox 1845 1938 1926 1971; x_wconf 86' lang='lat' dir='ltr'>feria</span> <span class='ocrx_word' id='word_1_349' title='bbox 1957 1941 1987 1970; x_wconf 91' lang='lat' dir='ltr'>in</span> 
     </span>
     <span class='ocr_line' id='line_1_31' title="bbox 119 1996 1985 2045; baseline -0.001 -13"><span class='ocrx_word' id='word_1_350' title='bbox 119 1998 245 2045; x_wconf 87' lang='lat' dir='ltr'>capella</span> <span class='ocrx_word' id='word_1_351' title='bbox 267 1998 387 2032; x_wconf 91' lang='lat' dir='ltr'>ibidem</span> <span class='ocrx_word' id='word_1_352' title='bbox 410 2001 439 2031; x_wconf 91' lang='grc'>111</span> <span class='ocrx_word' id='word_1_353' title='bbox 462 1999 678 2031; x_wconf 68' lang='lat' dir='ltr'>monasterio,</span> <span class='ocrx_word' id='word_1_354' title='bbox 709 2008 769 2042; x_wconf 90' lang='lat' dir='ltr'>per</span> <span class='ocrx_word' id='word_1_355' title='bbox 799 2000 902 2042; x_wconf 84' lang='lat' dir='ltr'>ipsum</span> <span class='ocrx_word' id='word_1_356' title='bbox 925 1996 1185 2030; x_wconf 67' lang='lat' dir='ltr'>wenczeslaum</span> <span class='ocrx_word' id='word_1_357' title='bbox 1216 2002 1247 2030; x_wconf 85' lang='lat' dir='ltr'>et</span> <span class='ocrx_word' id='word_1_358' title='bbox 1276 1998 1538 2044; x_wconf 85' lang='lat' dir='ltr'>predecessores</span> <span class='ocrx_word' id='word_1_359' title='bbox 1568 2011 1646 2032; x_wconf 87' lang='lat' dir='ltr'>suos</span> <span class='ocrx_word' id='word_1_360' title='bbox 1677 1999 1821 2037; x_wconf 63' lang='grc'>111111111111,</span> <span class='ocrx_word' id='word_1_361' title='bbox 1854 2002 1985 2032; x_wconf 80' lang='lat' dir='ltr'>missam</span> 
     </span>
     <span class='ocr_line' id='line_1_32' title="bbox 119 2057 1987 2105; baseline -0.001 -12"><span class='ocrx_word' id='word_1_362' title='bbox 119 2058 350 2093; x_wconf 79' lang='lat' dir='ltr'>defunctorum</span> <span class='ocrx_word' id='word_1_363' title='bbox 389 2058 618 2104; x_wconf 89' lang='lat' dir='ltr'>sollempniter</span> <span class='ocrx_word' id='word_1_364' title='bbox 656 2057 835 2091; x_wconf 86' lang='lat' dir='ltr'>decantare</span> <span class='ocrx_word' id='word_1_365' title='bbox 874 2068 913 2090; x_wconf 90' lang='lat' dir='ltr'>ac</span> <span class='ocrx_word' id='word_1_366' title='bbox 942 2058 1081 2097; x_wconf 66' lang='lat' dir='ltr'>singulis</span> <span class='ocrx_word' id='word_1_367' title='bbox 1111 2057 1226 2092; x_wconf 86' lang='lat' dir='ltr'>diebus</span> <span class='ocrx_word' id='word_1_368' title='bbox 1256 2061 1286 2092; x_wconf 95' lang='grc'>111</span> <span class='ocrx_word' id='word_1_369' title='bbox 1317 2062 1386 2104; x_wconf 80' lang='lat' dir='ltr'>ipsa</span> <span class='ocrx_word' id='word_1_370' title='bbox 1417 2060 1542 2105; x_wconf 88' lang='lat' dir='ltr'>capella</span> <span class='ocrx_word' id='word_1_371' title='bbox 1573 2071 1670 2093; x_wconf 90' lang='lat' dir='ltr'>unam</span> <span class='ocrx_word' id='word_1_372' title='bbox 1702 2063 1835 2093; x_wconf 79' lang='lat' dir='ltr'>missam</span> <span class='ocrx_word' id='word_1_373' title='bbox 1866 2060 1987 2093; x_wconf 73' lang='lat' dir='ltr'>devote</span> 
     </span>
     <span class='ocr_line' id='line_1_33' title="bbox 119 2119 1985 2166; baseline -0.001 -12"><span class='ocrx_word' id='word_1_374' title='bbox 119 2120 236 2165; x_wconf 85' lang='lat' dir='ltr'>legere</span> <span class='ocrx_word' id='word_1_375' title='bbox 252 2131 312 2166; x_wconf 90' lang='lat' dir='ltr'>pro</span> <span class='ocrx_word' id='word_1_376' title='bbox 329 2131 388 2153; x_wconf 88' lang='lat' dir='ltr'>sue</span> <span class='ocrx_word' id='word_1_377' title='bbox 409 2124 441 2152; x_wconf 91' lang='lat' dir='ltr'>et</span> <span class='ocrx_word' id='word_1_378' title='bbox 462 2121 712 2164; x_wconf 77' lang='lat' dir='ltr'>progenitorum</span> <span class='ocrx_word' id='word_1_379' title='bbox 735 2130 869 2152; x_wconf 86' lang='lat' dir='ltr'>suorum</span> <span class='ocrx_word' id='word_1_380' title='bbox 888 2121 1070 2152; x_wconf 90' lang='lat' dir='ltr'>animarum</span> <span class='ocrx_word' id='word_1_381' title='bbox 1090 2119 1238 2151; x_wconf 89' lang='lat' dir='ltr'>remedio</span> <span class='ocrx_word' id='word_1_382' title='bbox 1256 2124 1286 2152; x_wconf 90' lang='lat' dir='ltr'>et</span> <span class='ocrx_word' id='word_1_383' title='bbox 1303 2120 1420 2153; x_wconf 79' lang='lat' dir='ltr'>salute.</span> <span class='ocrx_word' id='word_1_384' title='bbox 1439 2120 1473 2153; x_wconf 90' lang='lat' dir='ltr'>Si</span> <span class='ocrx_word' id='word_1_385' title='bbox 1488 2132 1570 2154; x_wconf 73' lang='lat' dir='ltr'>vero</span> <span class='ocrx_word' id='word_1_386' title='bbox 1588 2121 1672 2154; x_wconf 80' lang='lat' dir='ltr'>(licta</span> <span class='ocrx_word' id='word_1_387' title='bbox 1690 2120 1815 2166; x_wconf 85' lang='lat' dir='ltr'>capella</span> <span class='ocrx_word' id='word_1_388' title='bbox 1833 2131 1985 2164; x_wconf 83' lang='lat' dir='ltr'>umquam</span> 
     </span>
     <span class='ocr_line' id='line_1_34' title="bbox 119 2179 1987 2226; baseline -0.001 -12"><span class='ocrx_word' id='word_1_389' title='bbox 119 2184 331 2226; x_wconf 90' lang='lat' dir='ltr'>rumperetur</span> <span class='ocrx_word' id='word_1_390' title='bbox 354 2184 409 2213; x_wconf 89' lang='lat' dir='ltr'>aut</span> <span class='ocrx_word' id='word_1_391' title='bbox 430 2179 540 2225; x_wconf 86' lang='lat' dir='ltr'>aliquo</span> <span class='ocrx_word' id='word_1_392' title='bbox 563 2179 661 2212; x_wconf 90' lang='lat' dir='ltr'>modo</span> <span class='ocrx_word' id='word_1_393' title='bbox 689 2179 929 2212; x_wconf 85' lang='lat' dir='ltr'>destrueretur.</span> <span class='ocrx_word' id='word_1_394' title='bbox 957 2183 1079 2212; x_wconf 77' lang='lat' dir='ltr'>extunc</span> <span class='ocrx_word' id='word_1_395' title='bbox 1103 2191 1163 2213; x_wconf 80' lang='lat' dir='ltr'>nos</span> <span class='ocrx_word' id='word_1_396' title='bbox 1188 2184 1241 2212; x_wconf 88' lang='lat' dir='ltr'>aut</span> <span class='ocrx_word' id='word_1_397' title='bbox 1271 2191 1489 2214; x_wconf 77' lang='lat' dir='ltr'>successores</span> <span class='ocrx_word' id='word_1_398' title='bbox 1515 2184 1616 2214; x_wconf 77' lang='lat' dir='ltr'>nostri</span> <span class='ocrx_word' id='word_1_399' title='bbox 1648 2184 1805 2226; x_wconf 81' lang='lat' dir='ltr'>pecunias</span> <span class='ocrx_word' id='word_1_400' title='bbox 1835 2183 1987 2226; x_wconf 74' lang='lat' dir='ltr'>superius</span> 
     </span>
     <span class='ocr_line' id='line_1_35' title="bbox 120 2238 1986 2286; baseline -0.001 -11"><span class='ocrx_word' id='word_1_401' title='bbox 120 2244 306 2275; x_wconf 90' lang='lat' dir='ltr'>nominatas</span> <span class='ocrx_word' id='word_1_402' title='bbox 324 2245 356 2274; x_wconf 90' lang='lat' dir='ltr'>et</span> <span class='ocrx_word' id='word_1_403' title='bbox 373 2239 562 2285; x_wconf 83' lang='lat' dir='ltr'>erogandas</span> <span class='ocrx_word' id='word_1_404' title='bbox 584 2244 647 2272; x_wconf 90' lang='lat' dir='ltr'>tam</span> <span class='ocrx_word' id='word_1_405' title='bbox 670 2240 708 2272; x_wconf 91' lang='lat' dir='ltr'>ad</span> <span class='ocrx_word' id='word_1_406' title='bbox 731 2238 893 2284; x_wconf 86' lang='lat' dir='ltr'>hospitale</span> <span class='ocrx_word' id='word_1_407' title='bbox 910 2251 1005 2285; x_wconf 88' lang='lat' dir='ltr'>quam</span> <span class='ocrx_word' id='word_1_408' title='bbox 1025 2240 1180 2273; x_wconf 79' lang='lat' dir='ltr'>fratribus</span> <span class='ocrx_word' id='word_1_409' title='bbox 1197 2243 1300 2273; x_wconf 88' lang='lat' dir='ltr'>sancti</span> <span class='ocrx_word' id='word_1_410' title='bbox 1319 2240 1491 2274; x_wconf 84' lang='lat' dir='ltr'>Michaelis</span> <span class='ocrx_word' id='word_1_411' title='bbox 1509 2242 1665 2286; x_wconf 84' lang='lat' dir='ltr'>predictis</span> <span class='ocrx_word' id='word_1_412' title='bbox 1688 2242 1765 2275; x_wconf 83' lang='lat' dir='ltr'>dare</span> <span class='ocrx_word' id='word_1_413' title='bbox 1787 2253 1850 2274; x_wconf 90' lang='lat' dir='ltr'>non</span> <span class='ocrx_word' id='word_1_414' title='bbox 1886 2246 1986 2274; x_wconf 90' lang='lat' dir='ltr'>tene—</span> 
     </span>
     <span class='ocr_line' id='line_1_36' title="bbox 121 2300 1987 2346; baseline -0.001 -11"><span class='ocrx_word' id='word_1_415' title='bbox 121 2301 228 2335; x_wconf 90' lang='lat' dir='ltr'>bimur</span> <span class='ocrx_word' id='word_1_416' title='bbox 249 2312 357 2346; x_wconf 90' lang='lat' dir='ltr'>neque</span> <span class='ocrx_word' id='word_1_417' title='bbox 374 2300 506 2343; x_wconf 63' lang='lat' dir='ltr'>debent,</span> <span class='ocrx_word' id='word_1_418' title='bbox 524 2303 585 2334; x_wconf 92' lang='lat' dir='ltr'>nisi</span> <span class='ocrx_word' id='word_1_419' title='bbox 604 2300 729 2346; x_wconf 90' lang='lat' dir='ltr'>capella</span> <span class='ocrx_word' id='word_1_420' title='bbox 748 2311 807 2345; x_wconf 85' lang='lat' dir='ltr'>per</span> <span class='ocrx_word' id='word_1_421' title='bbox 824 2311 883 2333; x_wconf 87' lang='lat' dir='ltr'>nos</span> <span class='ocrx_word' id='word_1_422' title='bbox 905 2304 957 2333; x_wconf 88' lang='lat' dir='ltr'>aut</span> <span class='ocrx_word' id='word_1_423' title='bbox 979 2301 1064 2333; x_wconf 89' lang='lat' dir='ltr'>‹licte</span> <span class='ocrx_word' id='word_1_424' title='bbox 1083 2301 1158 2334; x_wconf 65' lang='lat' dir='ltr'>ville</span> <span class='ocrx_word' id='word_1_425' title='bbox 1175 2305 1207 2334; x_wconf 81' lang='lat' dir='ltr'>et.</span> <span class='ocrx_word' id='word_1_426' title='bbox 1228 2300 1388 2334; x_wconf 85' lang='lat' dir='ltr'>bonorum</span> <span class='ocrx_word' id='word_1_427' title='bbox 1407 2306 1572 2335; x_wconf 85' lang='lat' dir='ltr'>rectorem</span> <span class='ocrx_word' id='word_1_428' title='bbox 1595 2314 1667 2335; x_wconf 90' lang='lat' dir='ltr'>cum</span> <span class='ocrx_word' id='word_1_429' title='bbox 1691 2303 1815 2335; x_wconf 84' lang='lat' dir='ltr'>eisdem</span> <span class='ocrx_word' id='word_1_430' title='bbox 1838 2304 1987 2346; x_wconf 88' lang='lat' dir='ltr'>pecuniis</span> 
     </span>
     <span class='ocr_line' id='line_1_37' title="bbox 120 2349 1986 2408; baseline -0.001 -12"><span class='ocrx_word' id='word_1_431' title='bbox 120 2362 220 2396; x_wconf 89' lang='lat' dir='ltr'>fuerit</span> <span class='ocrx_word' id='word_1_432' title='bbox 235 2365 325 2407; x_wconf 91' lang='lat' dir='ltr'>prius</span> <span class='ocrx_word' id='word_1_433' title='bbox 342 2362 549 2406; x_wconf 84' lang='lat' dir='ltr'>integraliter</span> <span class='ocrx_word' id='word_1_434' title='bbox 565 2349 758 2394; x_wconf 80' lang='lat' dir='ltr'>reformata.</span> <span class='ocrx_word' id='word_1_435' title='bbox 776 2360 891 2394; x_wconf 88' lang='lat' dir='ltr'>Eciam</span> <span class='ocrx_word' id='word_1_436' title='bbox 905 2360 981 2393; x_wconf 89' lang='lat' dir='ltr'>dicti</span> <span class='ocrx_word' id='word_1_437' title='bbox 999 2361 1119 2395; x_wconf 83' lang='lat' dir='ltr'>fratres</span> <span class='ocrx_word' id='word_1_438' title='bbox 1136 2365 1239 2395; x_wconf 80' lang='lat' dir='ltr'>sancti</span> <span class='ocrx_word' id='word_1_439' title='bbox 1252 2361 1425 2395; x_wconf 83' lang='lat' dir='ltr'>Michaelis</span> <span class='ocrx_word' id='word_1_440' title='bbox 1438 2361 1559 2395; x_wconf 87' lang='lat' dir='ltr'>debent</span> <span class='ocrx_word' id='word_1_441' title='bbox 1571 2362 1733 2408; x_wconf 80' lang='lat' dir='ltr'>prefatum</span> <span class='ocrx_word' id='word_1_442' title='bbox 1749 2362 1986 2395; x_wconf 77' lang='lat' dir='ltr'>Wenceslaum</span> 
     </span>
     <span class='ocr_line' id='line_1_38' title="bbox 121 2422 1988 2468; baseline -0.002 -12"><span class='ocrx_word' id='word_1_443' title='bbox 121 2427 153 2456; x_wconf 89' lang='lat' dir='ltr'>et</span> <span class='ocrx_word' id='word_1_444' title='bbox 168 2422 430 2468; x_wconf 86' lang='lat' dir='ltr'>predecessores</span> <span class='ocrx_word' id='word_1_445' title='bbox 451 2434 489 2455; x_wconf 87' lang='grc'>116</span> <span class='ocrx_word' id='word_1_446' title='bbox 510 2424 745 2466; x_wconf 85' lang='lat' dir='ltr'>progenitores</span> <span class='ocrx_word' id='word_1_447' title='bbox 764 2425 865 2466; x_wconf 79' lang='lat' dir='ltr'>ipsius</span> <span class='ocrx_word' id='word_1_448' title='bbox 883 2424 972 2454; x_wconf 79' lang='lat' dir='ltr'>iuxta</span> <span class='ocrx_word' id='word_1_449' title='bbox 991 2422 1264 2455; x_wconf 77' lang='lat' dir='ltr'>consuetudinem</span> <span class='ocrx_word' id='word_1_450' title='bbox 1282 2425 1448 2466; x_wconf 84' lang='lat' dir='ltr'>antiquam</span> <span class='ocrx_word' id='word_1_451' title='bbox 1472 2425 1501 2455; x_wconf 90' lang='grc'>111</span> <span class='ocrx_word' id='word_1_452' title='bbox 1524 2426 1764 2456; x_wconf 74' lang='lat' dir='ltr'>anniversariis</span> <span class='ocrx_word' id='word_1_453' title='bbox 1782 2433 1988 2455; x_wconf 78' lang='lat' dir='ltr'>conservare</span> 
     </span>
     <span class='ocr_line' id='line_1_39' title="bbox 121 2481 1990 2529; baseline -0.001 -13"><span class='ocrx_word' id='word_1_454' title='bbox 121 2494 159 2516; x_wconf 87' lang='lat' dir='ltr'>ac</span> <span class='ocrx_word' id='word_1_455' title='bbox 186 2482 326 2527; x_wconf 84' lang='lat' dir='ltr'>singulis</span> <span class='ocrx_word' id='word_1_456' title='bbox 347 2481 463 2515; x_wconf 87' lang='lat' dir='ltr'>diebus</span> <span class='ocrx_word' id='word_1_457' title='bbox 484 2493 546 2515; x_wconf 90' lang='lat' dir='ltr'>una</span> <span class='ocrx_word' id='word_1_458' title='bbox 569 2482 675 2527; x_wconf 88' lang='lat' dir='ltr'>lampa</span> <span class='ocrx_word' id='word_1_459' title='bbox 697 2493 770 2515; x_wconf 88' lang='lat' dir='ltr'>cum</span> <span class='ocrx_word' id='word_1_460' title='bbox 791 2482 877 2524; x_wconf 64' lang='lat' dir='ltr'>oleo‚</span> <span class='ocrx_word' id='word_1_461' title='bbox 900 2481 987 2514; x_wconf 78' lang='lat' dir='ltr'>velut</span> <span class='ocrx_word' id='word_1_462' title='bbox 1019 2485 1196 2528; x_wconf 86' lang='lat' dir='ltr'>antiquitus</span> <span class='ocrx_word' id='word_1_463' title='bbox 1226 2487 1379 2515; x_wconf 84' lang='lat' dir='ltr'>statutum</span> <span class='ocrx_word' id='word_1_464' title='bbox 1411 2487 1472 2522; x_wconf 71' lang='lat' dir='ltr'>est,</span> <span class='ocrx_word' id='word_1_465' title='bbox 1504 2486 1535 2516; x_wconf 93' lang='lat' dir='ltr'>in</span> <span class='ocrx_word' id='word_1_466' title='bbox 1565 2483 1691 2529; x_wconf 85' lang='lat' dir='ltr'>capella</span> <span class='ocrx_word' id='word_1_467' title='bbox 1722 2483 1841 2515; x_wconf 89' lang='lat' dir='ltr'>ardere</span> <span class='ocrx_word' id='word_1_468' title='bbox 1871 2481 1990 2515; x_wconf 85' lang='lat' dir='ltr'>debeat</span> 
     </span>
     <span class='ocr_line' id='line_1_40' title="bbox 121 2542 1988 2589; baseline -0.002 -12"><span class='ocrx_word' id='word_1_469' title='bbox 121 2543 308 2589; x_wconf 88' lang='lat' dir='ltr'>supradicta</span> <span class='ocrx_word' id='word_1_470' title='bbox 326 2547 357 2576; x_wconf 91' lang='lat' dir='ltr'>et</span> <span class='ocrx_word' id='word_1_471' title='bbox 375 2545 618 2585; x_wconf 57' lang='lat' dir='ltr'>anniversaria„</span> <span class='ocrx_word' id='word_1_472' title='bbox 637 2547 733 2588; x_wconf 87' lang='lat' dir='ltr'>prout</span> <span class='ocrx_word' id='word_1_473' title='bbox 749 2554 848 2588; x_wconf 77' lang='lat' dir='ltr'>supra</span> <span class='ocrx_word' id='word_1_474' title='bbox 865 2545 1023 2587; x_wconf 76' lang='lat' dir='ltr'>scriptum</span> <span class='ocrx_word' id='word_1_475' title='bbox 1042 2548 1103 2585; x_wconf 69' lang='lat' dir='ltr'>est7</span> <span class='ocrx_word' id='word_1_476' title='bbox 1120 2548 1328 2588; x_wconf 77' lang='lat' dir='ltr'>exequentur</span> <span class='ocrx_word' id='word_1_477' title='bbox 1347 2543 1435 2576; x_wconf 80' lang='lat' dir='ltr'>velut</span> <span class='ocrx_word' id='word_1_478' title='bbox 1451 2555 1487 2576; x_wconf 84' lang='lat' dir='ltr'>se</span> <span class='ocrx_word' id='word_1_479' title='bbox 1505 2544 1608 2577; x_wconf 83' lang='lat' dir='ltr'>literis</span> <span class='ocrx_word' id='word_1_480' title='bbox 1626 2546 1726 2588; x_wconf 76' lang='lat' dir='ltr'>ipsius</span> <span class='ocrx_word' id='word_1_481' title='bbox 1743 2547 1928 2575; x_wconf 74' lang='lat' dir='ltr'>conventus</span> <span class='ocrx_word' id='word_1_482' title='bbox 1949 2542 1988 2575; x_wconf 86' lang='lat' dir='ltr'>ad</span> 
     </span>
     <span class='ocr_line' id='line_1_41' title="bbox 122 2602 1990 2647; baseline 0 -12"><span class='ocrx_word' id='word_1_483' title='bbox 122 2604 151 2638; x_wconf 90' lang='lat' dir='ltr'>id</span> <span class='ocrx_word' id='word_1_484' title='bbox 173 2603 361 2637; x_wconf 81' lang='lat' dir='ltr'>faciendum</span> <span class='ocrx_word' id='word_1_485' title='bbox 383 2608 479 2636; x_wconf 87' lang='lat' dir='ltr'>antea</span> <span class='ocrx_word' id='word_1_486' title='bbox 501 2602 747 2647; x_wconf 67' lang='lat' dir='ltr'>obligaverunt.</span> <span class='ocrx_word' id='word_1_487' title='bbox 779 2602 813 2635; x_wconf 83' lang='lat' dir='ltr'>Si</span> <span class='ocrx_word' id='word_1_488' title='bbox 835 2607 943 2635; x_wconf 90' lang='lat' dir='ltr'>autem</span> <span class='ocrx_word' id='word_1_489' title='bbox 967 2615 1037 2637; x_wconf 85' lang='lat' dir='ltr'>nos.</span> <span class='ocrx_word' id='word_1_490' title='bbox 1077 2615 1294 2637; x_wconf 77' lang='lat' dir='ltr'>successores</span> <span class='ocrx_word' id='word_1_491' title='bbox 1316 2606 1417 2636; x_wconf 88' lang='lat' dir='ltr'>nostri</span> <span class='ocrx_word' id='word_1_492' title='bbox 1435 2614 1493 2636; x_wconf 85' lang='lat' dir='ltr'>seu</span> <span class='ocrx_word' id='word_1_493' title='bbox 1515 2604 1676 2637; x_wconf 80' lang='lat' dir='ltr'>(lictorum</span> <span class='ocrx_word' id='word_1_494' title='bbox 1700 2603 1860 2635; x_wconf 86' lang='lat' dir='ltr'>bonorum</span> <span class='ocrx_word' id='word_1_495' title='bbox 1878 2607 1990 2636; x_wconf 90' lang='lat' dir='ltr'>rector</span> 
     </span>
     <span class='ocr_line' id='line_1_42' title="bbox 122 2662 1987 2711; baseline -0.001 -14"><span class='ocrx_word' id='word_1_496' title='bbox 122 2675 182 2709; x_wconf 89' lang='lat' dir='ltr'>per</span> <span class='ocrx_word' id='word_1_497' title='bbox 211 2664 352 2709; x_wconf 87' lang='lat' dir='ltr'>aliquem</span> <span class='ocrx_word' id='word_1_498' title='bbox 383 2663 554 2697; x_wconf 77' lang='lat' dir='ltr'>informari</span> <span class='ocrx_word' id='word_1_499' title='bbox 585 2674 771 2708; x_wconf 60' lang='lat' dir='ltr'>possemus,</span> <span class='ocrx_word' id='word_1_500' title='bbox 802 2662 891 2708; x_wconf 86' lang='lat' dir='ltr'>quod</span> <span class='ocrx_word' id='word_1_501' title='bbox 918 2663 1025 2711; x_wconf 89' lang='lat' dir='ltr'>lampa</span> <span class='ocrx_word' id='word_1_502' title='bbox 1055 2664 1182 2710; x_wconf 83' lang='lat' dir='ltr'>prefata</span> <span class='ocrx_word' id='word_1_503' title='bbox 1214 2664 1334 2697; x_wconf 89' lang='lat' dir='ltr'>lumine</span> <span class='ocrx_word' id='word_1_504' title='bbox 1364 2664 1543 2697; x_wconf 83' lang='lat' dir='ltr'>cottidiano</span> <span class='ocrx_word' id='word_1_505' title='bbox 1574 2676 1637 2697; x_wconf 87' lang='lat' dir='ltr'>uon</span> <span class='ocrx_word' id='word_1_506' title='bbox 1668 2668 1906 2709; x_wconf 83' lang='lat' dir='ltr'>procuraretur</span> <span class='ocrx_word' id='word_1_507' title='bbox 1935 2668 1987 2696; x_wconf 94' lang='lat' dir='ltr'>aut</span> 
     </span>
    </p>
   </div>
  </div>
 </body>
</html>
