2313 3090
299 274 423 304 nostris
460 274 490 304 in
528 271 590 305 hac
624 277 718 317 parte
749 272 892 316 collegis
922 282 995 304 cum
1026 271 1079 304 illa
1111 271 1278 305 clausula:
1339 276 1525 316 „quatenus
1555 282 1616 305 vos
1645 271 1701 304 vel
1730 270 1794 304 duo
1823 274 1876 303 301
1906 280 1992 302 0005
2019 271 2169 301 vestrum

297 342 357 376 per
386 341 448 364 vos
478 332 531 365 vel
561 333 661 366 alium
691 344 750 366 seu
783 332 890 365 31105ζί
923 342 940 364 3
970 331 1052 365 50110
1081 332 1263 377 apostolica
1285 331 1324 365 ad
1346 331 1559 377 infrascripta
1579 331 1771 377 specialiter
1791 331 1980 376 deputatus,
2000 329 2171 362 universis

298 397 328 425 et
368 392 509 437 siugulis
539 398 714 438 presentes
745 393 860 425 literas
889 403 947 426 seu
978 402 1120 438 presens
1150 396 1409 438 transsumptum
1441 392 1471 426 et
1502 395 1756 438 transscriptntn
1786 393 1987 437 inspecturis
2016 388 2171 423 volumus

299 463 374 485 esse
412 457 538 486 notum.
583 464 643 486 nos
682 453 797 486 literas
835 452 1039 498 apostolicas
1075 455 1276 487 sanctissimi
1314 456 1346 487 in
1382 452 1515 487 Christo
1554 456 1658 499 patris
1697 457 1728 486 et
1760 451 1883 485 domini
1911 453 2019 484 nostri
2047 449 2172 484 domini

301 513 463 546 Bonifacii
494 514 605 547 divina
637 513 855 559 providencia
886 524 971 559 pape
1000 513 1106 547 VIIII.
1137 517 1240 560 ipsius
1271 525 1352 548 vera
1373 513 1464 548 bulla
1484 513 1653 560 plumbea.
1684 524 1757 547 cum
1781 511 1918 546 cordula
1939 514 2057 557 canapi
2077 520 2172 544 more

297 573 450 607 Romane
480 577 572 607 curie
602 574 802 619 dependenti
831 573 987 617 bullatas.
1031 574 1146 608 salvas
1175 585 1274 608 sanas
1304 578 1333 607 et
1364 577 1526 619 integras.
1570 585 1634 608 non
1665 576 1818 615 viciatas.
1858 583 1925 606 non
1955 571 2171 613 cancellatas,

298 646 363 668 11011
394 634 535 668 abolitas
564 645 626 667 nec
657 638 688 668 in
718 635 828 680 aliqua
858 638 909 668 sui
938 640 1033 680 parte
1063 640 1250 682 suspectas,
1281 635 1338 669 sed
1368 646 1509 681 prorsus
1530 638 1619 668 omni
1640 637 1729 668 vicio
1751 638 1781 667 et
1803 636 1995 679 suspicione
2016 636 2172 683 carentes

297 695 392 729 nobis
430 706 489 741 pro
528 700 623 741 parte
658 696 839 729 reverendi
869 700 903 730 in
932 695 1066 730 Christo
1096 699 1199 742 patris
1229 701 1261 729 et
1292 697 1416 730 domini
1445 696 1569 729 domini
1596 695 1728 729 Nicolai
1759 697 1907 741 episcopi
1937 693 2172 728 Olomucensis

297 759 476 789 insinuatas
516 761 547 790 et
587 761 798 802 presentatas
832 768 907 790 cnm
938 768 989 791 ea.
1034 768 1097 802 (103
1128 757 1250 801 decuit⁷
1294 760 1494 792 reverencia
1524 760 1696 803 recepisse
1726 755 1916 790 huiusmodi
1944 754 2005 788 sub
2035 759 2171 787 tenore:

300 816 516 859 ..Bonifacius
547 820 725 863 episcopus
755 829 875 851 servus
905 828 1083 851 servorum
1113 818 1165 851 dei
1195 823 1259 851 etc.
1289 817 1410 852 Datum
1438 817 1547 851 Rome
1577 817 1663 863 apud
1694 821 1844 850 sanctum
1865 815 1999 849 Petrum
2018 813 2173 849 kalendis

299 876 468 918 Octobris⁷
492 877 702 923 pontificatus
726 881 832 912 nostri
857 889 944 912 311110
970 878 1122 924 (11111110.ζέ
1155 878 1206 924 [v.
1225 890 1255 912 n.
1274 878 1364 925 215)
1385 900 1426 903 —
1446 879 1523 913 Post
1546 889 1684 924 quarum
1702 878 1834 924 quidem
1851 877 2023 911 literarum
2039 878 2174 910 insinu—

297 940 461 980 acionem.
478 941 769 983 presentacionem
787 943 818 972 et
835 941 1071 984 recepcionem
1089 950 1149 985 pro
1166 944 1260 985 parte
1277 940 1354 974 dicti
1370 939 1551 974 reverendi
1568 942 1671 985 patris
1689 943 1719 972 et
1741 938 1865 972 domini
1882 938 2007 972 domini
2023 938 2174 983 episcopi

299 998 534 1032 (ilomucensis
573 1010 590 1032 a
628 999 725 1033 nobis
763 1011 836 1033 cum
876 999 984 1033 debita
1019 1001 1105 1044 juris
1142 1004 1305 1035 instancia
1344 1001 1545 1047 postulatum
1580 1003 1687 1034 extitit
1725 1005 1757 1034 et
1795 1002 1946 1045 petitum,
1988 1002 2024 1032 ut.
2056 997 2172 1031 literas

300 1059 503 1104 apostolicas
532 1059 723 1094 huiusmodi
752 1063 925 1103 transumi.
958 1060 1133 1095 transcribi
1164 1066 1195 1095 et
1226 1062 1412 1108 exemplari
1442 1066 1473 1095 et
1505 1066 1765 1107 transsumptum
1797 1065 1829 1095 et
1858 1059 2051 1106 exemplum
2072 1060 2177 1104 ipsius

299 1122 496 1153 autenticari
543 1124 741 1155 auctoritate
779 1121 964 1167 apostolica
1002 1122 1249 1157 mandaremus.
1294 1126 1335 1156 ita
1374 1123 1460 1168 quod
1496 1123 1699 1169 peramplius
1737 1121 1926 1156 huiusmodi
1955 1119 2110 1165 exemplo
2143 1123 2176 1152 et

302 1184 528 1226 transsumpto
558 1184 590 1214 in
615 1182 743 1225 judicio
773 1187 803 1216 et
834 1186 930 1215 extra
959 1182 1057 1228 plena
1086 1182 1168 1217 fides
1197 1184 1301 1217 veluti
1330 1184 1435 1218 literis
1465 1184 1658 1230 apostolicis
1688 1182 1907 1228 originalibus
1937 1179 2176 1228 apparentibus

301 1240 382 1274 fides
416 1246 530 1286 posset
561 1242 722 1276 adhiberi.
754 1242 835 1276 Cum
867 1246 954 1276 enim
983 1243 1210 1288 periculosum
1240 1250 1341 1288 esset.
1371 1256 1431 1291 pro
1460 1246 1600 1291 singulis
1629 1245 1707 1278 licet
1738 1248 2033 1290 quantumcunque
2060 1243 2177 1288 parvis

301 1305 453 1346 negociis
489 1307 520 1336 et
550 1307 659 1337 causis
689 1303 888 1338 inchoandis
918 1304 1033 1338 literas
1062 1305 1247 1350 originales
1276 1311 1413 1352 propter
1441 1306 1506 1340 loci
1537 1306 1733 1341 distanciam
1764 1310 1795 1338 01
1825 1305 2016 1339 discrimina
2045 1306 2178 1338 viarum

301 1362 465 1397 exhibere
495 1368 527 1397 et
555 1369 807 1410 representare,
839 1369 906 1399 tum
937 1367 1044 1398 eciam
1075 1369 1150 1411 quia
1181 1366 1369 1400 huiusmodi
1399 1367 1505 1401 literis
1535 1367 1728 1413 apostolicis
1758 1369 1790 1400 iu
1819 1365 1977 1412 partibus·
1998 1365 2117 1399 alienis
2146 1368 2180 1398 et

302 1424 384 1457 locis
415 1424 559 1459 diversis
589 1425 753 1459 dictorum
783 1427 993 1471 collegarum
1024 1432 1215 1461 nostrorum
1246 1432 1279 1461 et
1299 1438 1412 1462 coram
1434 1431 1525 1474 ipsis.
1547 1428 1653 1462 dictus
1674 1426 1885 1461 reverendus
1905 1431 2002 1473 pater
2021 1426 2176 1460 domiuus

302 1487 481 1530 episcopus
510 1490 705 1521 necessario
735 1491 779 1521 uti
810 1487 970 1522 haberet:
1005 1499 1067 1522 uos
1096 1492 1197 1534 igitur
1224 1488 1387 1523 Nicolaus
1416 1488 1531 1525 abbas.
1556 1489 1663 1534 judex
1693 1493 1725 1523 et
1755 1493 1979 1523 conservator
2006 1487 2177 1534 predictus

300 1548 500 1590 peticionem
533 1546 721 1581 huiusmodi
742 1559 924 1582 consonam
956 1552 1083 1582 racioni
1113 1555 1308 1596 reputantes
1338 1554 1370 1584 01
1398 1554 1434 1584 ut>
1462 1554 1721 1595 transsumptum
1753 1549 1942 1584 huiusmodi
1967 1550 2066 1594 juxta
2090 1550 2178 1594 juris

302 1607 562 1652 disposicionem
601 1608 772 1642 efficacem
809 1613 988 1644 sortiretur
1017 1611 1183 1645 effectum.
1227 1623 1344 1646 omnes
1382 1616 1414 1645 et
1451 1611 1603 1656 singulos
1633 1614 1863 1656 cuiuscunque
1891 1616 2009 1654 513105,
2039 1610 2178 1656 gradus⁷

303 1667 430 1700 ordinis
468 1668 522 1701 vel
561 1669 769 1703 condicionis
809 1670 930 1715 forent.
975 1683 1114 1718 quorum
1154 1684 1197 1705 ex
1227 1675 1336 1707 causis
1364 1676 1558 1718 prescriptis
1589 1677 1619 1705 et
1650 1677 1788 1718 propter
1817 1675 1981 1719 premissa
2009 1675 2043 1707 in
2072 1672 2180 1706 literis

302 1728 494 1773 apostolicis
533 1741 698 1776 expresse
737 1734 908 1775 intererat.
953 1736 1093 1767 interest
1131 1733 1186 1767 vel
1224 1736 1390 1768 iuteresse
1424 1737 1546 1780 poterit
1586 1739 1639 1767 3111
1680 1737 1857 1779 negocium
1894 1739 2035 1779 tangere
2064 1737 2180 1779 posset

302 1789 553 1834 quomodolibet
590 1794 621 1824 in
663 1791 820 1834 futurum.v
864 1794 903 1826 ad
940 1799 1089 1828 nostram
1127 1794 1276 1839 legitime
1315 1798 1408 1828 citari
1439 1795 1580 1830 fecimus
1609 1799 1832 1841 presenciam,
1875 1800 1909 1829 ut
1939 1806 2052 1830 coram
2082 1793 2178 1828 1101115

302 1853 404 1883 certis
441 1850 516 1884 loco
554 1856 585 1885 et
625 1855 768 1886 termino
798 1853 837 1886 ad
868 1853 932 1888 hoc
962 1858 1010 1888 eis
1039 1859 1268 1901 peremptorio
1299 1854 1566 1901 competentibus
1595 1860 1776 1901 assignatis
1806 1860 2043 1902 comparerent
2070 1858 2178 1890 visuri

302 1914 332 1943 et
374 1910 528 1945 audituri.
573 1912 679 1946 dictas
715 1913 828 1947 literas
859 1916 1064 1959 apostolicas
1094 1928 1153 1962 per
1182 1928 1243 1950 nos
1274 1917 1409 1950 decerni
1440 1921 1619 1951 transsumi
1649 1922 1681 1951 et
1710 1917 1919 1954 transscribi,
1962 1928 2002 1951 ac
2030 1920 2176 1963 ipsarum

302 1972 493 2017 exemplum
525 1977 557 2006 et
588 1978 846 2021 transsumptum
878 1980 1088 2010 auteuticari.
1119 1977 1174 2010 vel
1205 1978 1325 2011 dicturi
1353 1982 1383 2011 et
1414 1978 1603 2022 allegaturi.
1635 1981 1660 2012 si
1691 1979 1766 2023 quid
1797 1979 1911 2012 dicere
1939 1978 1996 2012 vel
2025 1978 2178 2023 allegare

302 2033 428 2066 vellent
461 2038 491 2067 et
522 2040 669 2079 possent.
703 2047 806 2081 quare
838 2037 1025 2071 huiusmodi
1047 2039 1269 2084 exemplaciO.
1292 2042 1530 2085 transscripcio
1551 2044 1582 2073 et
1603 2042 1825 2073 autenticacio
1846 2038 1918 2073 fieri
1938 2050 2005 2073 non
2026 2038 2176 2073 deberet.

303 2094 383 2127 Cum
421 2097 521 2139 igitur
554 2098 584 2128 in
616 2096 704 2141 dicto
734 2101 992 2143 comparicionis
1022 2103 1163 2133 termino
1194 2100 1302 2133 nullus
1332 2104 1521 2145 appareret.
1566 2103 1619 2145 qui
1650 2112 1769 2133 causas
1799 2101 1925 2146 aliquas
1954 2099 2178 2134 racionabites

302 2155 428 2188 diceret
470 2156 523 2189 vel
555 2156 733 2201 allegaret.
778 2170 881 2203 (111310
911 2163 1065 2205 premissi
1095 2160 1167 2210 fieri
1197 2172 1263 2194 uon
1294 2160 1467 2195 deberent.
1512 2166 1735 2207 procuratore
1766 2163 1844 2195 dicti
1875 2161 1999 2196 domini
2028 2163 2178 2207 episcopi

302 2226 415 2248 eoram
446 2216 542 2250 nobis
572 2223 800 2263 comparente.
832 2223 979 2254 omnium
1010 2224 1199 2264 citatorum.
1229 2232 1369 2266 quorum
1401 2225 1571 2256 intererat.
1604 2226 1741 2256 interest
1772 2227 1825 2256 aut
1847 2226 2015 2257 interesse
2034 2226 2177 2268 poterat,

302 2280 547 2310 contumaciam
584 2284 776 2313 accusante.
821 2291 882 2314 nos
922 2282 1058 2315 eosdem
1100 2285 1220 2315 citatos
1259 2286 1288 2315 ct
1328 2292 1393 2315 non
1429 2288 1677 2328 comparentes.
1722 2284 1798 2317 licet
1828 2283 1938 2317 debite
1967 2287 2177 2329 expectatos,

304 2341 532 2382 reputavimus
566 2339 674 2384 quoad
715 2345 824 2375 actum
866 2341 1053 2375 huiusmodi
1093 2346 1210 2377 merito
1251 2347 1468 2376 contumaces
1498 2348 1527 2376 et
1560 2347 1590 2377 in
1621 2347 1768 2389 ipsorum
1799 2347 2043 2379 contumaciam
2073 2343 2178 2378 dictas

305 2398 418 2431 literas
449 2401 652 2444 apostolicas
682 2412 742 2446 per
772 2405 937 2435 notarium
968 2402 1135 2448 publicum
1165 2404 1414 2450 infrascriptum
1445 2408 1622 2438 transsumi
1654 2405 1830 2439 transcribi
1860 2410 1891 2439 et
1921 2406 2108 2451 exemplari
2137 2404 2178 2438 de

304 2458 408 2491 verbo
440 2460 479 2492 ad
512 2460 651 2494 verbum
684 2462 898 2496 decrevimus
929 2468 959 2496 et
991 2464 1235 2505 mandavimus,
1265 2475 1304 2497 ac
1335 2464 1586 2499 auscultacione
1617 2470 1646 2499 et
1679 2469 1936 2499 examinacione
1965 2477 2026 2512 per
2055 2465 2176 2499 dictum

303 2523 466 2553 notarium
498 2532 571 2554 cum
604 2526 828 2568 transsumpto
859 2528 889 2557 et
920 2527 1138 2570 trausscripto
1168 2536 1207 2558 ac
1237 2525 1340 2558 literis
1370 2525 1588 2569 originalibus
1610 2526 1782 2572 preliabita
1805 2527 1967 2571 diligenti,
1987 2528 2178 2560 invenimus

305 2579 490 2614 huiusmodi
534 2587 793 2629 transsumptum
838 2589 869 2617 ct
912 2588 1147 2631 transcriptum
1191 2596 1309 2619 verum
1358 2598 1396 2619 30
1444 2597 1564 2620 carens
1603 2590 1690 2621 omni
1731 2590 1935 2634 suspicione,
1978 2589 2178 2622 auctoritate

302 2642 497 2685 apostolica.
528 2654 590 2688 11113
622 2643 792 2681 stum-unm·
821 2648 851 2679 in
884 2646 945 2679 1130
973 2650 1079 2692 parte.
1111 2646 1324 2681 decrevimus
1349 2652 1379 2681 et
1402 2647 1649 2683 declaravimus
1671 2660 1710 2683 ac
1731 2648 1942 2695 presentibus
1963 2649 2177 2684 decernimus
