2313 3090
1150 173 1306 227 333&

273 290 304 320 in
330 287 487 320 Pussmir.
518 296 609 318 snam
641 284 853 316 summariam
877 282 1075 325 peticionem
1098 283 1212 311 contra
1243 282 1272 311 et
1304 278 1468 311 adversus
1498 277 1713 311 venerabiles
1734 289 1772 310 ac
1794 276 1972 321 religiosas
1992 277 2144 320 virgines

276 347 475 381 abbatissam
507 350 535 379 et
567 348 768 378 conventum
799 341 837 374 ad
868 340 1050 374 Infanciam
1081 339 1260 372 salvatoris
1289 342 1320 371 in
1351 337 1510 371 Pussmir.
1541 337 1628 371 dicte
1659 337 1808 371 Olomnc.
1843 337 1998 370 diocesis.
2029 346 2145 369 corani

277 407 371 441 nobis
410 411 572 440 evocatus
610 408 641 438 in
676 404 801 448 judicio
840 401 956 434 obtulit
996 399 1183 433 huiusmodi
1219 398 1279 432 snb
1316 403 1453 431 tenore:
1491 397 1575 431 Petit
1604 403 1804 443 procurator
1834 402 1865 430 et
1896 399 2030 430 nomine
2058 406 2144 441 pro—

278 471 446 502 curatorio
485 467 619 499 discreti
658 468 719 498 viri
759 464 881 497 domini
911 461 1040 495 Nicolai
1071 460 1112 493 de
1142 459 1313 493 Brodiino.
1344 458 1521 504 presbiteri
1552 458 1789 492 Olomucensis
1819 458 1964 491 diocesis
1993 468 2054 502 per
2082 466 2145 489 vos

278 534 307 563 et
343 534 491 562 restram
529 527 736 560 diffinitivam
768 526 974 557 sentenciam
1005 523 1240 567 pronuncciari
1271 520 1409 553 decerni
1438 524 1471 553 et
1500 519 1676 560 declarari,
1708 525 1859 553 rectores
1888 530 1947 552 seu
1979 520 2148 551 ministros

277 591 388 624 altaris
424 593 615 622 sanctorum
651 586 847 631 angelornm
887 588 917 617 in
953 583 1112 624 Pussmir,
1150 581 1413 627 predecessores
1443 580 1522 613 dicti
1552 580 1677 614 domini
1706 580 1847 614 Nicolai.
1879 579 1952 612 sore
1983 578 2085 612 fuisse
2115 582 2148 610 et

279 663 354 684 esse
383 654 412 683 in
443 651 659 695 possessione
689 646 826 692 pacifica
857 655 1082 690 expensarum
1104 646 1135 676 in
1158 644 1361 676 monasterio
1382 640 1540 684 Pussmir„
1563 644 1736 687 ipsamque
1757 642 1924 674 dominam
1946 639 2147 674 abbatissam

280 717 309 744 et
341 714 542 744 conventum
574 709 741 742 dominum
772 706 946 740 Nicolaum
977 704 1161 750 predictum
1193 707 1320 736 temere
1350 706 1381 735 et
1411 701 1451 735 de
1481 701 1570 735 facto
1600 706 1761 748 expensis
1779 704 1948 735 consuetis
1970 700 2146 747 spoliasse,

278 772 509 819 pret'atainque
546 772 711 803 dominam
751 767 952 801 abbatissam
992 770 1024 799 et
1060 769 1263 799 conventum
1295 767 1326 797 in
1356 764 1503 797 Pussmir
1531 765 1572 798 ad
1603 765 1745 798 dandum
1778 763 2029 797 ministrandum
2060 761 2149 795 dicto

277 834 410 866 domino
441 831 579 865 Nicolao
609 840 790 876 expensas.
821 832 999 861 consuetas
1029 826 1099 859 dari
1129 825 1170 859 ab
1199 827 1347 870 antiquoq
1379 824 1452 858 fore
1482 824 1585 858 fuisse
1614 830 1646 859 et
1675 836 1752 859 esse
1782 824 1970 869 cogendam
1997 826 2029 856 et
2049 832 2150 855 com-

279 893 464 940 pellendam
504 896 533 925 et
570 902 630 937 per
667 901 728 923 vos
766 892 842 934 cogi
880 892 910 921 et
950 887 1104 932 compelli
1134 885 1271 927 debere,
1302 889 1450 931 ipsisque
1480 886 1648 920 abbatisse
1678 892 1710 919 et
1740 887 1922 919 conventui
1951 894 2052 929 super
2081 886 2150 917 im-

278 954 479 1001 pedimentis
509 962 733 998 expensarum
764 950 988 996 predictarum
1020 951 1217 994 perpetuum
1247 947 1419 980 silencium
1450 947 1522 981 fore
1552 946 1655 981 fuisse
1686 952 1717 981 et
1747 957 1823 980 esse
1854 944 2089 991 imponendum
2119 946 2152 976 et

281 1027 341 1062 per
374 1025 436 1047 vos
473 1016 597 1059 imponi
635 1011 770 1045 dehere.
810 1014 925 1044 vestra
962 1008 1136 1043 diffinitiva
1175 1011 1346 1041 sentencia
1387 1008 1564 1041 mediante.
1604 1008 1685 1042 Item
1725 1011 1805 1053 petit
1836 1017 2005 1052 expensas
2035 1008 2068 1038 in
2095 1004 2151 1038 lite

284 1077 402 1110 factas.
434 1074 475 1108 de
505 1073 622 1107 fiendis
652 1077 681 1106 et
717 1072 758 1105 de
795 1075 959 1105 interesse
998 1072 1104 1115 passis
1141 1068 1195 1114 (ζ’)
1233 1073 1450 1114 protestatur,
1475 1070 1552 1113 jure
1582 1069 1775 1107 corrigendi
1806 1067 1950 1102 addendi
1982 1065 2152 1100 minuendi

283 1135 522 1182 interpretandi
562 1134 623 1167 sibi
659 1133 774 1167 salvis.
815 1132 884 1165 Lite
922 1134 1023 1175 igitur
1060 1140 1173 1163 coram
1215 1128 1309 1163 nobis
1348 1134 1533 1164 contestata
1571 1130 1723 1175 datisque
1763 1129 1918 1163 hincinde
1955 1127 2150 1173 quibusdam

283 1197 509 1245 posicionibus
540 1201 571 1229 et
600 1194 760 1229 articulis.
792 1193 831 1226 ad
863 1203 945 1238 quos
975 1190 1132 1225 hincinde
1162 1193 1267 1223 eciam
1299 1190 1395 1223 factis
1425 1191 1700 1236 responsionibus
1731 1190 1968 1236 productisque
1998 1188 2154 1222 hincinde

282 1258 477 1304 quibusdam
507 1256 656 1291 testibus.
688 1258 834 1300 ipsisque
863 1256 1008 1299 receptis
1039 1255 1129 1297 prius
1149 1250 1190 1284 ab
1211 1251 1338 1284 eisdem
1360 1251 1399 1284 de
1430 1254 1571 1285 veritate
1593 1251 1733 1285 dicenda
1756 1249 1988 1296 corporalibus
2008 1251 2155 1295 prestitis

279 1322 489 1365 juramentis
528 1322 661 1352 secrete
699 1320 731 1349 et
770 1315 939 1360 sigillatim
976 1325 1070 1347 more
1106 1312 1203 1346 solito
1234 1314 1432 1345 examinatis
1462 1317 1494 1345 et
1524 1323 1639 1346 eorum
1671 1313 1765 1346 dictis
1794 1315 1827 1346 in
1856 1314 1979 1357 scripta
2009 1310 2155 1344 redactis

282 1385 314 1415 et
343 1380 472 1414 tandem
504 1379 690 1425 publicatis.
720 1382 837 1410 contra
867 1388 931 1421 que
961 1386 1021 1421 per
1052 1376 1246 1418 magistrum
1266 1372 1429 1406 Jacobum
1451 1373 1491 1406 de
1512 1372 1668 1413 llIelnicQ
1691 1378 1947 1419 procuratorem
1968 1376 2001 1405 et
2019 1373 2155 1405 nomine

283 1444 515 1488 procuratorio
552 1440 712 1473 dictarum
750 1437 918 1471 abbatisse
955 1441 985 1469 et
1022 1439 1210 1468 conventus
1248 1436 1440 1467 monasterii
1478 1436 1509 1467 in
1549 1433 1698 1468 Pussmir
1727 1434 1786 1468 fuit
1816 1437 2008 1479 exceptum
2039 1435 2156 1466 contra

283 1514 379 1549 quam
417 1505 659 1547 excepcionem
699 1511 758 1545 per
778 1500 982 1543 'mag-istrum
1013 1496 1146 1529 Petrum
1177 1495 1216 1528 de
1247 1494 1334 1528 Sacz
1363 1499 1617 1539 procuratorem
1648 1497 1882 1540 procuratorio
1913 1496 2050 1527 nomine
2079 1492 2156 1526 dicti

285 1565 408 1598 domini
436 1563 565 1597 Nicolai
604 1573 669 1596 non
707 1561 766 1595 fuit
794 1560 1003 1605 replicatum*
1036 1556 1102 1590 Sed
1134 1556 1266 1589 demum
1295 1554 1492 1588 instantibus
1523 1558 1692 1599 magistris
1721 1555 1849 1589 Jacobo
1879 1555 1920 1588 de
1949 1553 2096 1588 Melnico
2125 1557 2157 1586 et
2199 1551 2201 1555 ’

286 1625 383 1659 Petro
421 1625 460 1657 de
495 1624 581 1657 Sacz
619 1620 893 1669 procuratoribus
930 1621 1077 1665 parcium
1116 1617 1342 1663 predictarum
1381 1620 1412 1649 et
1451 1618 1483 1649 in
1523 1615 1711 1649 huiusmodi
1741 1627 1841 1649 causa
1880 1613 2158 1649 concludentibus

284 1691 315 1720 et
345 1685 499 1719 concludi
530 1683 729 1730 petentibus,
760 1682 986 1715 conclusimus
1017 1684 1046 1711 et
1078 1689 1152 1712 cum
1183 1677 1308 1711 eisdem
1340 1675 1514 1709 habuimus
1543 1687 1604 1722 pro
1634 1677 1805 1712 concluso,
1843 1677 1929 1710 diem
1960 1675 2157 1709 hodiernam

284 1759 344 1793 pro
383 1746 545 1779 audienda
584 1750 697 1779 nostra
738 1743 911 1778 diffinitiva
948 1742 1119 1775 sentencia
1159 1738 1283 1772 eisdem
1321 1742 1518 1771 statuentes.
1550 1736 1620 1771 Nos
1650 1739 1751 1782 igitur
1780 1737 1900 1783 Smylo
1930 1737 1971 1770 de
2000 1736 2160 1769 Wiczow

286 1807 437 1842 officialis
475 1807 643 1852 predictus
682 1805 769 1839 dicte
805 1814 906 1838 cause
944 1804 1070 1836 meritis
1108 1803 1190 1834 visis
1221 1803 1251 1832 et
1282 1801 1441 1844 inspectis
1471 1803 1503 1831 et
1532 1810 1606 1832 cum
1638 1798 1747 1832 debita
1778 1799 1956 1843 diligencia
1986 1797 2158 1839 discussis

289 1867 562 1916 procuratoribus
592 1867 750 1913 predictis
781 1876 894 1899 corani
924 1863 1020 1897 nobis
1050 1866 1083 1896 in
1107 1861 1247 1906 judicioi
1278 1865 1374 1905 prout
1405 1862 1565 1893 terminus
1596 1859 1799 1904 requirebat.
1830 1857 2101 1905 comparentibus
2127 1861 2160 1890 et

289 1935 437 1964 nostram
473 1932 676 1963 sentenciam
716 1927 924 1961 diffinitivam
964 1928 995 1958 in
1035 1934 1136 1957 causa
1175 1925 1322 1968 presenti
1362 1921 1441 1954 ferri
1481 1921 1736 1966 postulantibus.
1778 1921 1919 1954 eandem
1957 1923 1989 1953 in
2027 1921 2160 1964 scriptis

288 1991 420 2025 tulimus
456 1993 485 2023 in
524 1990 611 2023 hunc
648 1989 798 2022 modum:
837 1987 959 2021 Christi
996 1987 1131 2019 nomine
1167 1986 1324 2017 invocato
1364 1993 1423 2028 pro
1463 1982 1617 2015 tribunali
1655 1983 1814 2016 sedentes
1845 1986 1875 2015 et
1907 1981 2070 2015 habentes
2099 1990 2160 2026 pre

289 2052 393 2086 oculis
419 2052 523 2085 solum
555 2052 665 2086 (11·11111,
697 2062 755 2096 per
785 2050 870 2083 lianc
899 2053 1047 2082 nostram
1077 2043 1285 2079 diffinitivam
1315 2046 1534 2086 sentenciam,
1566 2054 1662 2088 quam
1694 2043 1833 2077 ferimus
1862 2046 1894 2076 in
1923 2043 1987 2076 hiis
2015 2044 2160 2087 scriptis,

290 2116 569 2160 pronuncciamns
609 2112 821 2145 decernimus
858 2115 889 2144 et
927 2109 1149 2148 declaramuS,
1188 2103 1402 2138 venerabiies
1439 2116 1477 2136 ac
1507 2104 1684 2148 religiosas
1715 2107 1866 2149 virgines
1896 2103 2097 2137 abbatissam
2129 2106 2161 2135 et

291 2179 494 2208 conventum
525 2175 564 2207 ad
596 2173 771 2206 inl'anciam
803 2172 981 2206 salvatoris
1012 2169 1205 2205 monasterii
1235 2169 1266 2200 in
1296 2166 1444 2199 Pussmir
1473 2176 1653 2210 expensas.
1677 2176 1759 2210 quas
1780 2168 1860 2210 ipsis
1881 2164 2064 2210 capellanis
2085 2165 2158 2197 sive

295 2236 450 2269 altaristis
490 2234 608 2267 ibidem
646 2237 677 2267 in
718 2236 920 2267 nwnasterio
956 2228 1177 2265 existentibus
1217 2227 1378 2261 hactenns
1410 2226 1584 2260 dederunt.
1617 2237 1682 2259 non
1712 2227 1752 2259 de
1778 2227 1855 2270 jure
1885 2225 1943 2259 sed
1974 2225 2016 2259 de
2045 2226 2161 2269 gracia

292 2295 426 2329 dedisst¹
456 2298 629 2340 ipsumque
659 2295 825 2327 dominum
856 2292 1032 2326 Nicolaum
1062 2291 1183 2324 dictum
1216 2288 1369 2322 Scheler.
1400 2288 1580 2321 altaristam
1613 2287 1726 2321 altaris
1751 2291 1942 2321 sanctorum
1964 2285 2162 2330 angelorum

292 2356 412 2390 ibidem
449 2358 479 2388 in
519 2356 673 2388 Pussmir.
713 2358 884 2388 accionem
926 2358 957 2386 et
993 2355 1216 2386 intencionem
1255 2361 1332 2383 suas
1364 2354 1478 2382 contra
1510 2347 1711 2381 abbatissam
1743 2353 1774 2381 et
1805 2352 2007 2382 conventum
2037 2357 2162 2392 supra-

294 2417 415 2450 dictum
457 2420 633 2449 intentatas
672 2427 736 2448 non
777 2415 950 2460 probasse,
991 2413 1207 2459 predictoqne
1246 2411 1380 2444 domino
1419 2409 1558 2443 Nicolao
1597 2421 1699 2454 super
1738 2408 1926 2442 huiusmodi
1964 2410 2104 2441 accione
2133 2410 2165 2440 et

293 2480 485 2511 intencione
524 2480 590 2509 suis
629 2481 823 2522 perpetuum
863 2476 1035 2508 silencium
1068 2474 1140 2506 l'ore
1178 2477 1207 2505 ct
1248 2482 1324 2504 esse
1365 2471 1598 2515 imponendum
1631 2475 1659 2503 et
1692 2473 1904 2515 imponimus,
1934 2468 2165 2515 prefatamque

295 2538 497 2571 abbatissam
529 2543 557 2570 et
589 2542 791 2570 conventum
823 2536 863 2569 ab
893 2537 1105 2580 impeticione
1135 2537 1167 2566 et¹
1197 2532 1393 2566 turbacione
1423 2531 1499 2564 dicti
1532 2531 1653 2564 domini
1685 2530 1817 2564 Nicolai
1837 2530 2065 2564 absolventes.
2087 2527 2166 2562 Ex-

296 2610 473 2645 pcnsarum
505 2603 612 2631 anti-in
644 2598 985 2643 condempnacionem
1017 2606 1060 2628 ex
1089 2598 1198 2628 causis
1230 2593 1384 2626 hincinde
1414 2590 1639 2625 otmiiitenies.
1672 2592 1707 2625 ln
1737 2595 1831 2625 cuius
1861 2594 1908 2624 rei
1938 2591 2165 2624 testimonium

296 2664 486 2706 presentem
518 2663 664 2692 nosti-am
695 2659 901 2691 dit'linitivam
934 2658 1138 2690 sentenciam
1169 2666 1228 2700 per
1257 2653 1447 2688 Conradnm
1480 2652 1520 2686 111·
1550 2652 1714 2686 'l‘esscliin
1742 2655 1906 2686 notarium
1928 2654 2002 2685 sive
2021 2649 2166 2685 scribam
