2313 3090
1238 151 1311 185 212

342 262 559 298 consolatrix.
590 274 648 308 pro
679 262 784 295 salute
815 259 970 294 fidelium,
1002 261 1054 302 qui
1085 257 1280 291 delictorum
1312 267 1416 290 onere
1445 261 1704 302 pregravantur,
1735 255 1849 289 sedula
1880 257 2055 288 exoratrix
2076 258 2107 287 et
2128 263 2211 299 per-

342 324 422 369 vigil
452 324 491 357 ad
521 334 650 368 regem.
682 333 778 367 quem
808 323 934 365 genuit,
965 318 1161 354 intercedit:
1192 317 1327 362 dignum
1358 320 1435 362 quin
1465 320 1581 362 pocius
1610 316 1755 350 debitum
1785 315 1998 358 arbitramur7
2028 318 2062 348 ut
2091 313 2214 348 Christi

341 385 454 419 fideles
484 384 523 417 ad
555 386 696 427 virginis
728 387 790 415 tam
822 380 970 414 sublimis
1000 382 1112 424 iugem
1142 381 1404 412 veneracionem
1436 382 1468 411 et
1496 377 1663 412 assiduam
1695 381 1800 411 eciam
1832 387 1892 422 per
1926 375 2213 420 indulgenciarum

342 457 479 479 munera
519 454 755 490 provocemus,
796 443 972 487 presertim
1013 451 1087 473 cum
1126 451 1222 473 sacra
1262 442 1333 473 eius
1382 441 1542 472 memoria
1587 442 1794 471 recensetur.
1853 436 1934 470 Cum
1977 438 2088 481 itaque
2130 437 2215 469 sicut.

341 509 532 552 accepimus
563 508 592 538 in
624 504 766 537 ecclesia
799 502 1014 536 Olomucensi
1043 500 1183 545 singulis
1213 499 1329 533 diebus
1359 511 1418 545 per
1448 502 1523 532 anni
1554 499 1712 532 circulum
1743 501 1843 532 missa
1874 497 1934 532 sub
1964 497 2093 531 honore
2119 499 2215 530 eius—

345 568 417 600 dem
448 568 591 610 virginis·
621 565 706 597 alme
737 565 953 597 consueverit
982 561 1166 596 solenniter
1195 560 1373 603 celebrari,
1403 560 1442 593 ad
1473 571 1569 605 qnam
1588 559 1786 593 audiendam
1808 558 1945 592 confluit
1965 558 2075 604 populi
2097 557 2216 591 multi-

345 628 433 661 tudo⁴
473 638 533 660 nos
572 628 744 670 cupientes
784 628 816 657 ut
855 622 978 656 Christi
1016 622 1210 666 fideleseo
1249 621 1411 655 libencius
1450 620 1637 655 huiusmodi
1675 619 1901 653 celebracioni
1931 621 2032 653 misse
2061 618 2216 653 studeant

343 691 519 727 interesse,
551 697 614 731 quo
645 696 687 719 ex
718 685 782 718 hoc
813 687 918 717 maius
948 686 1132 716 animarum
1164 682 1376 716 commodum
1407 693 1443 715 se
1473 683 1685 727 speraverint
1715 680 1863 725 adipisci,
1903 679 1944 713 de
1983 668 2218 724 omnipotentis

343 750 394 782 dei
417 747 644 781 misericordia
666 750 698 779 et
718 745 894 779 beatorum
923 743 1011 777 Petri
1041 748 1073 777 et.
1102 742 1193 776 Pauli
1223 742 1449 788 apostolorum
1480 745 1551 776 eius
1581 744 1778 775 auctoritate
1808 739 1924 774 confisi
1954 738 2107 774 omnibus
2136 749 2219 773 vere

343 807 564 854 penitentibus
586 811 617 840 et
638 806 816 849 confessis‚
847 808 900 851 qui
930 804 1155 838 celebracioni
1185 803 1333 837 eiusdem
1366 806 1465 837 misse
1495 803 1618 836 devote
1648 801 1872 839 interfuerint„
1902 800 2041 845 singulis
2061 799 2220 834 videlicet

343 869 471 905 diebus.
511 867 628 913 quibus
667 878 726 901 eos
756 867 842 900 dicte
872 865 1097 899 celebracioni
1128 869 1292 898 interesse
1322 867 1513 909 contigerit,
1557 874 1654 897 unum
1686 873 1807 896 annum
1838 866 1870 895 et
1898 862 2118 907 quadraginta
2148 860 2218 894 dies

343 931 382 963 de
413 932 566 962 iniunctis
596 930 644 961 eis
674 929 871 973 penitenciis
902 926 1165 960 misericorditer
1195 925 1397 959 relaxamus.
1441 924 1604 958 Volumus
1634 928 1757 966 autem,
1788 922 1874 967 quod
1905 925 1931 956 si
1961 922 2042 956 alias
2071 924 2218 956 visitan-

343 991 426 1024 tibus
458 990 577 1023 dictain
608 988 786 1022 ecclesiam
806 988 860 1021 vel
890 987 929 1020 ad
960 990 1030 1020 eius
1061 989 1315 1033 reparacionem
1337 997 1396 1019 seu
1418 985 1578 1018 fabricam
1601 995 1718 1017 manus
1746 982 1995 1029 porrigentibus
2025 982 2217 1024 adiutricesS

342 1056 396 1085 ant
426 1051 507 1084 alias
538 1049 616 1084 inibi
646 1052 715 1095 pias
747 1049 947 1082 elemosinas
977 1047 1196 1092 erogantibus
1226 1059 1285 1081 seu
1315 1047 1396 1080 alias
1426 1046 1533 1091 aliqua
1564 1045 1626 1078 alia
1656 1044 1868 1089 indulgencia
1899 1046 2143 1089 imperpetuum
2164 1042 2219 1076 vel

343 1114 381 1146 ad
414 1117 541 1146 certum
571 1115 700 1156 tempus
730 1109 876 1143 nondum
907 1109 1034 1154 lapsum
1064 1108 1221 1142 duratura
1251 1120 1310 1154 per
1339 1119 1400 1141 nos
1430 1117 1594 1140 concessa
1623 1105 1734 1148 fuerit,
1765 1109 1940 1150 presentes
1970 1103 2080 1138 littere
2100 1103 2219 1137 nullius

344 1177 489 1207 existant
531 1171 663 1206 roboris
694 1171 748 1205 vel
777 1173 934 1205 nomenti.
990 1170 1111 1204 Datum
1140 1169 1248 1203 Rome
1278 1168 1363 1215 apud
1394 1172 1543 1201 sanctum
1566 1166 1698 1200 Petrum
1720 1165 1816 1199 XVII
1836 1164 1997 1199 kalendas
2019 1163 2220 1208 decembris,

345 1233 556 1279 pontificatus
586 1236 689 1266 nostri
721 1242 807 1265 anno
837 1236 946 1265 sexto.

1789 1278 1803 1294 Ι

658 1334 751 1375 (Orig.
778 1337 861 1370 Pei-g.
888 1336 954 1363 auh.
982 1335 1122 1361 Bleibulle
1148 1335 1184 1360 im
1210 1334 1363 1360 ftirsterzh,
1392 1333 1516 1359 Archive
1542 1333 1569 1358 in
1595 1332 1763 1366 Kreinsier.)

1242 1489 1352 1526 220.

651 1570 869 1613 l’rt‘m'legyimn.
899 1571 958 1603 des
991 1569 1217 1613 Marlfyrafeu
1249 1567 1384 1611 Proltop
1412 1569 1471 1611 fiir
1500 1567 1555 1600 die
1585 1565 1689 1599 Stadt
1720 1565 1922 1599 Bodenstat.

915 1630 972 1664 Dc.
1004 1630 1199 1663 Bodenstat
1227 1628 1287 1662 30.
1320 1627 1516 1661 Nori-sember
1546 1626 1656 1660 13951.

504 1708 593 1761 Ros
625 1726 806 1773 Procopius
837 1727 889 1760 dci
918 1729 1026 1771 gratia
1056 1725 1206 1759 marchio
1226 1724 1403 1759 Moraviae
1424 1725 1463 1757 ad
1481 1728 1676 1758 cunctorum
1693 1725 1842 1757 notitiam
1863 1724 2054 1768 praesentia
2076 1724 2226 1767 cupimus

351 1794 383 1822 et
415 1788 567 1822 volumus
597 1788 769 1821 devenire.
828 1787 923 1828 Quod
953 1790 1145 1832 pensantes„
1176 1785 1430 1819 considerantes
1460 1789 1493 1818 et
1520 1785 1675 1819 videntes
1696 1787 1838 1830 inopiam
1860 1788 1892 1817 et
1913 1782 2064 1817 defectus
2085 1784 2228 1816 civitatis

351 1854 486 1882 nostrae
515 1848 668 1882 Botlistat
697 1849 948 1893 incolarumque
978 1850 1081 1893 ipsius
1110 1849 1254 1880 civitatis
1284 1846 1455 1892 profectus
1485 1857 1698 1891 summopere
1719 1848 1891 1891 cupientes
1912 1847 2064 1885 evenire,
2085 1846 2226 1888 gratiam

350 1922 424 1943 eum
455 1913 524 1955 ipsa
555 1912 691 1943 civitate
721 1914 753 1942 et
783 1909 900 1943 ineolis
929 1912 1032 1954 ipsius
1061 1910 1205 1942 civitatis
1236 1907 1377 1941 fecimus
1407 1912 1439 1941 et
1468 1906 1701 1953 praesentibus
1730 1906 1871 1940 facimus
1900 1904 2096 1951 specialem,
2124 1908 2224 1949 prout

351 1974 380 2003 in
411 1970 559 2004 articulis
589 1970 673 2003 infra
704 1972 835 2016 scriptis
866 1970 995 2015 plenius
1025 1972 1225 2002 continetur.
1265 1968 1409 2002 Primum
1439 1971 1513 2013 quia
1544 1971 1647 2013 ipsam
1678 1970 1847 2001 civitatem
1869 1965 2021 1999 Bothstat
2041 1976 2080 1999 ac
2101 1964 2227 1998 incolas

350 2035 451 2076 ipsius
490 2031 576 2077 apud
616 2034 761 2077 ipsorum
797 2032 873 2075 jura
910 2033 1043 2076 antiqua
1082 2034 1179 2076 prout
1213 2032 1391 2075 antiquitus
1421 2028 1620 2071 habuerunt,
1651 2028 1843 2061 dimittimus
1873 2038 2022 2070 manere,
2055 2029 2126 2072 ipsa
2151 2027 2227 2070 Jura

350 2103 415 2125 non
458 2091 681 2136 infringentes
724 2091 782 2125 sed
827 2094 935 2137 potius
974 2094 1004 2124 in
1043 2091 1160 2124 melius
1198 2090 1422 2136 producentes
1466 2094 1497 2122 et
1540 2087 1771 2134 praesentibus
1814 2086 2063 2122 confirmantes.
2120 2086 2227 2121 Etiam

352 2152 505 2186 volumus
535 2157 567 2185 et
595 2155 736 2196 gratiam
768 2155 847 2198 ipsis
876 2152 1029 2195 facimus7
1060 2157 1093 2185 ut
1122 2155 1192 2197 ipsa
1223 2154 1341 2185 civitas
1371 2150 1522 2183 Bothstat
1552 2160 1590 2183 ac
1620 2149 1749 2182 incolae
1779 2151 1881 2194 ipsius
1910 2151 2054 2183 civitatis
2075 2152 2107 2182 et
2126 2147 2229 2182 inha—

351 2213 510 2246 bitatores
554 2212 706 2246 omnibus
740 2212 885 2257 juribus,
925 2217 1022 2258 prout
1059 2215 1127 2257 ipsa
1166 2198 1285 2246 civitas
1327 2211 1561 2245 Olomucensis
1601 2210 1711 2251 habeb
1743 2215 1775 2244 et
1804 2209 1844 2244 ab
1875 2213 2018 2255 antiquis
2048 2212 2169 2244 retinet
2197 2213 2229 2242 et

354 2278 455 2313 tenet„
486 2277 653 2318 potiantur
682 2278 711 2306 et
744 2272 905 2315 fruantur„
936 2275 1007 2318 ipsa
1032 2274 1121 2316 jura„
1153 2275 1236 2306 sicut
1266 2275 1334 2318 ipsa
1365 2274 1483 2305 civitas
1513 2271 1624 2305 habet.
1654 2274 1714 2317 ipsi
1745 2274 1870 2305 civitati
1908 2275 2044 2305 nostrae
2078 2269 2231 2304 Bothstat

354 2346 392 2366 ae
423 2333 700 2368 inhabitatoribus
729 2345 795 2368 non
824 2334 990 2368 violantes
1019 2333 1077 2367 sed
1110 2338 1142 2366 ut
1171 2332 1373 2367 inviolabilia
1404 2336 1633 2378 permaneant„
1655 2335 1776 2365 virtute
1798 2334 2023 2377 praesentium
2044 2329 2230 2365 confirma—

355 2406 436 2429 mus.
495 2394 601 2429 Etiam
633 2396 844 2440 adjungimus
874 2395 1039 2438 volentes,
1070 2397 1096 2428 si
1135 2397 1207 2439 quis
1237 2394 1290 2428 vel
1321 2397 1373 2439 qui
1404 2393 1533 2427 incolae
1563 2397 1595 2425 et
1625 2390 1864 2426 inhabitatores
1893 2392 2047 2426 villarum
2077 2391 2233 2426 videlicet

356 2455 527 2496 nudosan,
558 2455 720 2499 Botzkaii,
751 2456 905 2498 Milbans7
936 2455 1121 2497 Libenthal,
1152 2454 1303 2500 Span0v‚
1334 2453 1511 2491 Landman
1542 2452 1687 2490 Bernan,
1720 2453 1856 2491 Lidnain
1878 2452 2049 2495 Smetzan,
2071 2451 2230 2486 Gaister-

354 2516 449 2553 dorll'.
481 2516 661 2561 Sighartau
701 2522 732 2550 et
774 2516 1065 2551 Herrmannsdorf
1097 2516 1138 2549 de
1176 2515 1271 2549 bonis
1309 2515 1348 2548 ad
1390 2517 1493 2560 ipsam
1533 2517 1703 2547 civitatem
1742 2512 1970 2559 spectantibus
2012 2523 2136 2559 pecora
2178 2512 2232 2546 vel

356 2577 513 2622 pecudes„
536 2577 630 2611 blada
652 2581 725 2611 sive
755 2578 836 2612 alias
866 2588 1082 2623 quascunque
1111 2587 1166 2610 res
1196 2576 1379 2610 venditioni
1408 2575 1533 2609 vellent
1562 2585 1747 2620 exponere,
1776 2577 1917 2620 primum
1948 2578 1982 2608 ut
2001 2573 2042 2608 ad
2062 2576 2231 2608 civitatem

359 2637 507 2670 Bothstat
538 2638 703 2671 adducant
742 2643 773 2671 et
812 2638 887 2671 inibi
931 2638 1096 2680 vendant3
1135 2639 1184 2671 sin
1224 2641 1333 2670 autem
1373 2639 1403 2669 in
1443 2639 1512 2681 ipsa
1551 2638 1685 2669 civitate
1724 2638 1813 2681 ipsas
1849 2646 1915 2678 res,
1952 2639 2050 2680 prout
2077 2637 2232 2680 superius
