2313 3090
1186 189 1261 223 ⁴280

286 295 479 340 apostolicis
509 295 628 330 habitis
658 296 713 330 vel
744 296 917 329 habendis.
949 308 985 330 se
1015 299 1132 341 gracie
1161 295 1301 341 predicti
1323 294 1446 328 domini
1467 294 1630 329 Mai-coldi
1651 295 1896 337 submittentes7
1927 297 2157 340 promittentes

285 361 403 390 ratum.
441 361 572 401 (gratum
613 362 712 402 atque
751 357 880 390 firmum
910 361 1074 403 perpetuo
1105 356 1289 399 habituros,
1330 355 1485 401 quidquid
1515 367 1576 402 per
1605 356 1726 390 dictum
1757 356 1926 390 dominum
1955 355 2162 390 Marcoldum

285 420 372 451 inter
400 421 490 463 ipsos
521 418 776 452 determinatum
808 418 906 451 fuerit
936 417 996 451 sub
1025 429 1111 464 pena
1133 418 1336 463 perdicionis
1366 428 1468 451 cause
1494 421 1525 450 et
1544 428 1629 463 pena
1652 419 2018 451 excommunicacionis
2040 416 2162 450 domini

285 478 438 512 officialis
468 479 667 523 Pragensis:
698 482 930 524 promittentes
960 479 1109 524 reliquos
1138 478 1312 524 plebanos.
1342 489 1481 523 quorum
1513 481 1663 520 interest,
1694 489 1767 511 cum
1798 477 1949 523 predicto
1979 487 2160 511 commen—

287 540 403 573 datore
433 542 645 573 causaueiuin
669 544 816 573 statuere
845 543 878 573 iu
907 539 994 573 festo
1013 539 1224 573 Ostensionis
1253 539 1466 584 reliquiarum
1497 541 1651 584 proxime
1681 543 1826 572 venturo
1855 537 1916 572 sub
1935 548 2022 584 pena
2043 537 2160 571 decem

286 611 535 645 sexagenorum
566 612 676 645 grass.
708 611 803 646 prag.
853 600 889 634 In
920 605 1077 634 eventum
1108 611 1205 637 vero,
1236 603 1266 633 in
1297 611 1393 645 quem
1424 600 1609 645 predictum
1640 599 1808 633 dominum
1839 598 2046 633 Marcoldum
2078 600 2162 632 mori

285 665 509 706 contingeret.
541 666 718 706 antequam
750 662 790 695 de
818 665 889 708 ipsa
921 673 1021 695 causa
1052 665 1138 695 inter
1167 661 1337 707 predictas
1367 665 1479 706 partes
1509 666 1735 706 cognosceret
1764 665 1794 694 et
1824 663 2096 706 pronuncciaret,
2130 664 2163 693 et

286 723 424 768 predicti
454 721 585 767 plebani
615 722 729 756 nolent
759 725 952 756 consentire
974 725 1004 756 in
1027 733 1262 756 successorem
1285 733 1379 756 suum
1400 722 1562 767 legittime
1589 722 1840 765 succedentem7
1871 721 1979 766 quoad
2002 723 2164 766 premissa

286 786 438 829 superius
470 783 637 829 descripta
663 784 885 817 terminanda.
916 784 1190 829 pronunccianda
1214 787 1245 817 et
1266 782 1469 826 diffiniendat
1500 787 1624 816 extunc
1645 782 1783 828 quilibet
1804 786 1951 828 ipsorum
1973 786 2165 816 revertatur

286 845 323 877 ad
361 848 411 878 ius
448 856 542 878 suum
581 849 611 878 et
653 844 758 878 libere
796 850 990 878 revertatur
1028 849 1060 878 et
1091 845 1170 878 illud
1209 847 1281 878 sine
1316 844 1555 890 impedimento
1593 848 1828 889 prosequatur,
1869 848 1900 877 et
1935 843 2022 889 quod
2051 847 2165 888 partes

286 906 442 939 hincinde
479 905 580 939 nichil
618 910 815 951 attemptent
844 905 905 939 sub
943 917 1028 951 pena
1058 908 1211 952 superius
1248 905 1427 951 descripta7
1465 915 1639 950 quousque
1668 915 1734 938 non
1772 903 2069 950 pronuncciabitui·
2104 905 2165 949 p'er

286 967 405 1001 dietum
443 966 651 1001 Marcoldum
691 970 777 1000 inter
806 971 918 1012 partes
961 967 1140 1013 predictas.
1173 966 1258 1000 Acta
1303 971 1377 1000 sunt
1420 966 1482 999 hec
1525 976 1612 999 anno
1651 965 1775 999 domini
1812 962 2163 999 MOCCCLXXXXVI
2203 1010 2206 1017 .

286 1028 338 1061 die
379 1028 492 1061 ultima
536 1031 661 1061 mensis
697 1027 884 1061 Februarii.
924 1027 1137 1074 presentibus
1176 1027 1330 1061 discretis
1369 1032 1399 1060 et
1438 1026 1588 1072 providis
1627 1029 1721 1060 viris.
1762 1026 1904 1060 dominis
1942 1025 2162 1070 VVenceslaQ

285 1092 482 1135 pitanciario
503 1093 619 1122 sancte
639 1087 746 1122 Marie
767 1092 798 1122 in
820 1089 905 1134 pede
933 1091 1042 1134 pontis
1062 1088 1254 1133 Pragensis.
1287 1088 1421 1121 domino
1442 1086 1566 1128 Adanu
1595 1086 1738 1132 plebano
1761 1087 1905 1121 ecclesie
1926 1090 1959 1121 in
1978 1086 2162 1129 Bobrovta,

284 1150 410 1184 Mathia
446 1150 486 1184 de
516 1149 658 1195 Ugiezd‚
699 1150 775 1183 olim
805 1153 936 1183 notario
966 1149 1150 1183 tabularum
1181 1154 1271 1182 terre
1300 1148 1451 1191 Boeinie,
1483 1152 1513 1180 et
1542 1147 1751 1181 wenceslao
1780 1146 1919 1181 Misska.

600 1282 672 1307 ¹'Aus
697 1282 760 1306 ‹ls’in
786 1281 873 1306 Liber
897 1281 1105 1315 obligationum
1132 1281 1170 1307 ΙΙ,
1202 1280 1236 1305 1‘.)
1268 1279 1287 1304 f.
1314 1281 1350 1305 til
1380 1280 1415 1304 ini
1442 1280 1550 1313 Prager
1578 1280 1701 1313 Metrop.
1727 1279 2006 1313 Capitel—Arehive.)

1183 1462 1292 1497 3⁰2.

284 1542 455 1576 Ne'lfolans
490 1541 641 1586 Bis-eleos*
671 1553 732 1575 ron
775 1540 907 1574 Olme‘ltz·
943 1541 1123 1585 ilberti-(1791
1159 1541 1231 1574 (lem
1268 1539 1413 1574 Erhard
1451 1552 1514 1574 com
1555 1541 1704 1575 szsta!
1735 1541 1791 1575 die
1829 1539 2048 1585 Verwaltuny
2087 1539 2155 1574 und

576 1602 845 1647 l'⁷('rth(²e'd27911109
876 1603 937 1636 der
968 1602 1065 1647 Bury
1094 1601 1262 1636 Blcmslm.
1296 1601 1355 1636 Dt.
1388 1601 1483 1646 Praq
1514 1601 1571 1637 11.
1603 1602 1704 1636 Mar:-
1737 1600 1849 1636 1396.

443 1679 532 1734 Nos
552 1699 714 1733 Nicolaus
733 1699 785 1733 dei
807 1703 839 1732 et
859 1699 1045 1744 apostolice
1073 1698 1163 1732 sedis
1183 1701 1298 1743 gracia
1329 1701 1508 1744 episcopus
1539 1698 1774 1733 Oloniucensis
1803 1702 1922 1732 tenore
1951 1700 2164 1743 presencium

287 1764 566 1806 recognoscimus
586 1763 766 1794 universis.
790 1760 885 1801 Quod
909 1760 1131 1793 consideratis
1152 1759 1327 1804 legalitate
1348 1763 1380 1793 et
1400 1758 1553 1793 fidelibus
1573 1762 1741 1799 serviciisq
1764 1769 1828 1804 que
1848 1757 1970 1792 nobilis
1990 1757 2164 1792 Erhardus

287 1822 328 1856 de
366 1821 501 1858 Cunstat
543 1822 625 1855 alias
661 1822 702 1855 de
740 1821 821 1856 Skal
865 1820 962 1855 nobis
992 1826 1023 1854 et
1053 1821 1201 1854 ecclesie
1231 1824 1346 1854 nostre
1376 1819 1592 1854 Olomucensi
1622 1820 1773 1854 exhibuit
1801 1825 1835 1854 et
1863 1824 2002 1854 auctore
2031 1819 2166 1858 domino

288 1883 451 1917 exhibere
489 1886 609 1929 poterit
649 1886 681 1917 in
719 1882 877 1916 futurum.
915 1887 1061 1916 castrum
1091 1886 1241 1915 nostrum
1273 1880 1434 1925 Blanczk„
1465 1881 1597 1928 opidum
1629 1880 1778 1915 Blanczk
1809 1892 1882 1915 cum
1914 1880 2005 1915 villis
2034 1884 2067 1914 et
2095 1882 2163 1914 suis

287 1947 504 1990 pertinenciis
543 1943 603 1978 sibi
644 1947 872 1977 commisimus
908 1948 939 1977 et
976 1942 1189 1989 presentibus
1227 1945 1463 1976 committimus
1502 1942 1681 1976 tenendum
1712 1947 1744 1976 et
1773 1942 1974 1987 regendum,
2003 1944 2047 1975 ita
2077 1940 2164 1986 quod

288 2008 359 2051 ipse
396 2005 482 2039 hona
520 2005 559 2039 ad
590 2008 695 2051 ipsum
727 2010 872 2039 castrum
903 2007 1095 2050 spectancia
1127 2016 1199 2038 cum
1231 2007 1299 2038 suis
1328 2004 1448 2038 incolis
1477 2008 1508 2037 et
1538 2003 1729 2037 hominibus
1757 2008 1856 2049 regat
1884 2006 2102 2053 manuteneat
2128 2012 2168 2036 ac

288 2071 404 2100 contra
442 2067 659 2100 adversarios
695 2071 725 2099 et
765 2069 814 2100 eis
843 2077 969 2100 nocere
998 2066 1155 2100 volentes
1184 2070 1341 2111 protegat
1372 2070 1402 2099 et
1433 2064 1610 2107 defendat3
1641 2069 1672 2098 et
1702 2065 1834 2110 quando
1872 2063 1969 2098 nobis
2005 2063 2166 2109 placuerit

288 2130 394 2173 ipsum
433 2132 579 2161 castrum
605 2127 798 2171 'rehabereff
838 2127 925 2172 quod
963 2130 1034 2173 ipse
1071 2126 1167 2161 nohis
1206 2126 1304 2160 cedat
1339 2126 1380 2161 de
1417 2127 1535 2161 eodem
1576 2131 1607 2160 et
1644 2125 1893 2160 condescendet
1921 2124 2018 2160 nobis
2047 2123 2166 2167 libere,

288 2191 371 2222 sicut
409 2187 470 2222 sibi
508 2191 770 2233 assignavimus.
808 2188 941 2233 quando
976 2199 1013 2221 se
1050 2188 1091 2221 de
1115 2188 1246 2222 'eadem
1283 2190 1471 2222 intromisit.
1530 2187 1565 2221 Si
1602 2198 1688 2221 vero
1725 2198 1768 2221 ex
1797 2187 2025 2233 disposicione
2054 2185 2165 2220 divina

289 2252 499 2294 contingeret
535 2260 597 2283 nos
634 2248 811 2283 transferri
847 2249 885 2282 ad
929 2249 1026 2282 aliam
1058 2249 1251 2293 ecclesiam,
1283 2254 1407 2283 extunc
1436 2249 1517 2282 nulli
1547 2248 1646 2282 debet
1675 2247 1953 2283 condescendere
1982 2247 2024 2281 de
2053 2250 2166 2280 castro

289 2315 319 2343 et
358 2310 454 2344 bonis
493 2310 652 2356 predictis
692 2313 753 2343 nisi
793 2310 833 2343 de
868 2321 1034 2356 expresso
1070 2315 1186 2344 nostro
1223 2310 1389 2344 mandato.
1447 2308 1482 2343 Si
1513 2320 1597 2343 vero
1627 2313 1842 2353 contingeret
1870 2319 1932 2342 nos
1963 2309 2060 2350 mori,
2090 2311 2167 2340 tunc

290 2375 360 2417 ipse
400 2383 474 2405 cum
511 2371 630 2405 eodem
671 2376 783 2405 castro
823 2371 919 2404 dehet
952 2371 1078 2405 hahere
1108 2375 1298 2417 respectum
1328 2370 1368 2404 ad
1399 2370 1579 2416 capitulum
1610 2370 1758 2404 ecclesie
1786 2374 1902 2404 nostre
1932 2367 2168 2403 olomucensis

290 2437 319 2464 et
358 2433 438 2465 nulli
476 2432 752 2466 condescendere
790 2435 852 2465 nisi
889 2435 1063 2478 episcopo,
1104 2435 1156 2466 cui
1193 2443 1254 2478 per
1282 2432 1396 2466 sedem
1427 2431 1643 2477 apostolicam
1675 2431 1774 2465 fuerit
1805 2432 1976 2476 provisum
2009 2433 2042 2462 ct
2070 2438 2168 2473 quem

289 2496 394 2538 ipsum
433 2493 612 2539 capitulum
651 2498 681 2526 et
720 2496 873 2527 civitates
914 2493 1058 2527 ecclesie
1088 2496 1279 2540 receperint
1314 2492 1498 2526 secundum
1529 2492 1682 2525 mandata
1713 2491 1802 2525 sedis
1831 2489 2030 2537 apostolice.
2060 2487 2170 2522 Debet

290 2556 394 2587 eciam
433 2553 518 2587 idem
556 2553 728 2587 Erhardus
768 2553 854 2587 dicta
890 2553 975 2587 bona
1013 2558 1045 2587 et
1082 2553 1234 2587 homines
1270 2552 1310 2586 ad
1348 2555 1454 2598 ipsum
1495 2557 1639 2586 castrum
1677 2556 1869 2598 spectantes
1899 2555 1932 2585 et
1959 2552 2166 2596 pertinentes

289 2619 404 2647 contra
443 2617 619 2648 invasores
660 2619 690 2648 et
729 2617 923 2648 iuiuriantes
960 2618 1008 2648 eis
1046 2626 1143 2648 mauu
1179 2613 1362 2648 defendere
1396 2625 1458 2659 pro
1495 2625 1595 2659 posse
1632 2624 1692 2647 suo
1728 2612 1783 2647 ubi
1811 2622 1954 2646 necesse
1984 2610 2095 2645 fuerit.
2126 2608 2162 2644 Si

291 2686 374 2708 vero
405 2686 468 2708 non
492 2674 664 2708 sufficeret
685 2679 716 2708 et
745 2680 919 2721 oporteret
949 2686 1023 2709 eum
1055 2680 1191 2721 propter
1221 2674 1285 2708 hoc
1314 2678 1431 2708 tenere
1460 2679 1579 2719 gentes
1611 2685 1793 2709 armorum.
1825 2672 1888 2707 hoc
1918 2671 2017 2706 debet
2046 2670 2162 2705 facere
