2313 3090
959 241 974 242 „
991 188 1064 243 25³9

978 373 1085 409 290.

98 451 266 485 Nz'ltolaus
295 450 447 495 Biscleof
477 461 538 483 rou
573 450 705 484 Olmiltz-
732 451 804 494 ,qim
831 453 925 485 selue
956 451 1209 494 Eirm-z'llquemq.
1236 450 1317 483 dass
1350 450 1428 482 Otto
1459 460 1522 481 rou
1556 447 1724 492 Tamefvld
1752 447 1806 480 ‹lsi›
1837 445 1964 489 itlitqif!

159 513 272 545 seiner
302 511 395 545 Fran
425 513 493 555 anf
516 512 587 544 dem
622 511 732 555 Dor-fe
766 513 875 545 'ses-il:-
906 512 1112 546 1·‹1r.s-ielwre.
1146 511 1203 545 Dt.
1235 511 1463 544 Arnoltowi'tz-
1491 508 1525 543 8.
1559 508 1751 542 December
1782 507 1895 541 1395.

252 588 429 641 Nicotaus
459 612 524 641 etc.
555 607 814 642 notnmfacimus
844 613 907 642 ete.
940 608 1035 649 Quod
1066 610 1265 641 constitutus
1295 611 1357 640 etc.
1391 608 1468 639 Otto
1499 606 1539 639 de
1560 604 1692 638 Tanselt
1720 604 1827 638 fidelis
1849 608 1964 637 noster

90 668 238 712 ⁴dilectus
274 667 449 702 Elizabcth
486 667 672 702 conthorali
711 680 769 701 sue
809 669 955 713 legitime
986 672 1016 702 in
1046 669 1136 703 villa,
1175 679 1239 713 qne
1269 679 1389 712 magna
1420 667 1559 700 Czesicz
1589 669 1789 701 nominatur.
1819 676 1916 710 qnam
1948 676 1965 697 a

72 719 194 764 *nobis
232 734 265 763 et.
302 729 446 763 ecclesia
487 733 600 763 nostra
640 728 855 763 Oloniucensi
892 732 922 763 in
961 730 1092 763 feodum
1135 734 1222 763 tenet
1263 734 1293 762 et
1333 727 1431 762 habet
1471 727 1511 761 de
1545 730 1706 773 presenti,
1745 726 1965 772 qnadraginta

100 801 230 824 marcas
258 801 456 835 grossorum
486 792 701 835 pragensium
733 793 894 823 moravici
931 793 1059 824 numeri
1096 794 1126 823 et
1166 792 1359 835 pagamenti
1397 788 1518 822 ibidem
1554 791 1585 822 in
1626 799 1745 833 magna
1783 786 1967 821 Czeschicz

98 862 159 898 pro
196 862 279 885 vera
315 851 405 893 dote,
435 851 521 896 quod
559 851 746 896 vulgariter
774 851 988 897 leipgedinge
1018 855 1239 896 nuncupatur⁷
1269 850 1511 883 demonstravit
1542 852 1727 894 assignavit
1757 853 1789 882 et
1818 848 1966 893 legitime

99 913 282 958 deputavit,
311 912 502 958 supplicans
532 911 627 946 nobis
658 917 822 957 tamquam
854 915 1019 958 superiori
1040 911 1128 945 feudi
1151 912 1285 945 domino
1305 910 1468 944 bonorum
1491 909 1717 956 predictorum
1738 908 1907 942 humiliter
1937 912 1970 941 et

100 973 234 1016 devote,
247 978 409 1019 quatenus
421 973 459 1006 ad
474 972 643 1018 predictas
660 975 930 1017 resignaeionem
948 973 1276 1006 demonstracionem
1290 976 1321 1005 et
1338 971 1591 1017 deputacionem
1607 973 1707 1017 ipsius
1720 971 1805 1004 dotis
1818 974 1967 1004 nostrum

100 1044 301 1068 consensum
332 1033 493 1067 adhibere
522 1038 554 1067 et
584 1033 691 1067 eidem
722 1033 912 1067 dotalicium
935 1033 1122 1067 huiusmodi
1147 1034 1336 1077 graciosius
1357 1031 1514 1065 conferre
1535 1031 1762 1076 dignaremur.
1794 1030 1864 1065 Nos
1885 1042 1970 1064 vero

100 1094 405 1142 supplicacionibus
435 1097 537 1141 ipsius
576 1094 753 1139 benignius
788 1094 933 1127 inclinati
969 1094 1008 1127 ad
1044 1094 1226 1140 predictam
1268 1093 1391 1135 dotem}
1428 1103 1492 1138 que
1530 1092 1718 1137 vulgariter
1756 1092 1971 1137 leipgedingw¹

100 1159 302 1199 nominatur,
338 1159 371 1189 in
407 1158 495 1189 omni
532 1155 630 1189 modo
667 1159 699 1189 et
735 1154 853 1190 forma.
895 1160 927 1188 ut
963 1157 1172 1201 premittitur.
1214 1159 1363 1188 nostrum
1394 1164 1595 1187 consensum
1633 1153 1749 1186 damus
1778 1151 1971 1186 benivolum

102 1220 229 1264 pariter
257 1221 289 1250 et
319 1227 493 1251 assensum
524 1216 652 1262 sibique
681 1215 855 1250 Elizabetli
886 1216 1008 1250 dictum
1039 1216 1230 1249 dotalicinm
1261 1214 1473 1250 contulimus
1512 1218 1545 1247 ut
1576 1216 1679 1247 moris
1719 1217 1780 1256 est,
1818 1217 1849 1247 et
1887 1224 1975 1247 con—

104 1277 240 1312 ferimus
269 1288 329 1324 per
357 1282 535 1324 presentes
559 1279 655 1322 juxta
687 1288 814 1311 morem
845 1282 874 1310 et
910 1277 1184 1310 consuetudinem
1224 1275 1426 1310 vasallorum
1465 1279 1657 1309 nostrorum
1693 1279 1725 1308 et
1761 1277 1974 1320 episcopatus

103 1341 209 1374 nostri
239 1337 485 1380 Olomucensis‚
514 1341 639 1372 nostris
670 1342 701 1371 et
731 1338 874 1371 ecclesie
905 1342 1018 1371 nostre
1043 1337 1174 1381 juribus
1203 1342 1301 1382 atque
1331 1338 1484 1370 serviciis
1514 1346 1649 1381 semper
1677 1335 1791 1369 salvis.
1849 1335 1976 1369 Dantes

103 1403 136 1434 et
163 1399 392 1434 concedentes
421 1400 529 1433 eidem
559 1398 733 1432 Elizabeth
764 1398 979 1432 Pessiconem
1011 1398 1051 1431 de
1082 1397 1303 1444 Opathowicz
1333 1401 1365 1430 et
1394 1397 1602 1431 Luczconem
1639 1396 1679 1430 de
1708 1395 1823 1431 Ruska
1859 1395 1975 1430 fideles

103 1464 236 1494 nostros
266 1459 407 1494 dilectos
437 1463 468 1494 in
498 1471 601 1495 veros
631 1465 664 1494 et
692 1460 859 1503 legitimos
882 1464 1020 1493 tutores.
1051 1463 1083 1492 ut
1113 1470 1186 1492 eam
1210 1462 1363 1492 tueantur
1383 1463 1413 1491 et
1435 1457 1623 1502 gubernent
1645 1462 1761 1491 contra
1783 1456 1974 1502 quemlibet.

103 1524 156 1567 qui
185 1532 261 1555 eam
289 1520 393 1555 vellet
422 1523 454 1555 in
484 1521 639 1555 dotalicio
670 1520 837 1554 antedicto
868 1519 1119 1565 quomodolibet
1148 1519 1320 1565 impedire.
1352 1517 1567 1552 Presentibus
1589 1517 1753 1551 nobilibus
1774 1522 1806 1551 et
1826 1521 1972 1552 strenuis

103 1581 236 1616 domino
265 1581 443 1616 Laczcone
473 1582 513 1616 de
542 1581 699 1623 Krawar,
728 1580 913 1615 Wokkone
943 1581 983 1614 de
1014 1580 1166 1623 Crawar2
1196 1580 1326 1614 Jodoco
1357 1579 1397 1613 de
1418 1578 1618 1623 lVoll‘sberg
1648 1578 1825 1612 marscallo
1846 1583 1973 1621 nostro„

102 1642 166 1676 Jan
195 1642 236 1676 de
265 1642 431 1685 Dobruss3
461 1642 523 1676 Jan
553 1642 594 1676 de
624 1642 728 1688 Byela
759 1647 789 1675 et
821 1642 892 1675 aliis
923 1652 1020 1687 quam
1051 1640 1198 1687 pluribus
1228 1640 1379 1675 fidelibus
1409 1643 1532 1674 nostris
1562 1638 1751 1673 feudalibus
1780 1639 1910 1673 dllectis
1935 1639 1975 1673 ad

104 1705 266 1749 premissa
297 1706 495 1738 constitutis.
535 1703 661 1737 Harum
693 1702 811 1749 quibus
842 1702 986 1748 sigillum
1018 1706 1166 1735 nostrum
1199 1701 1239 1735 de
1268 1706 1359 1735 certa
1388 1705 1504 1735 nostra
1533 1703 1680 1734 sciencia
1710 1704 1761 1735 est
1790 1711 1973 1746 appensum

103 1766 292 1799 testimonio
314 1765 497 1798 literarum.
520 1762 642 1799 Datum
663 1764 901 1798 Arnoltowiez
923 1763 974 1797 die
995 1765 1232 1808 concepcionis
1253 1766 1368 1796 sancte
1390 1761 1507 1796 Mane.
1529 1761 1630 1795 Auno
1651 1760 1775 1794 domini
1797 1761 1973 1794 millesimo

79 1828 343 1859 ·n·ecentesim0
372 1828 594 1870 nonagesimo
624 1828 750 1871 quinto.

415 1971 492 2012 (Ans
517 1974 579 1999 dem
607 1974 842 2007 Leliensquatern
870 1974 906 2000 ll.
934 1983 958 2006 1).
987 1973 1024 1997 sso
1051 1973 1085 1997 im
1112 1972 1265 1998 fiii-sturni„
1291 1971 1416 1997 Arc-tuve
1441 1971 1468 1995 in
1495 1970 1664 2004 Kremsier.)

990 2188 1099 2223 291.

112 2267 280 2301 Nikolaus
315 2266 466 2311 Bischof
491 2278 552 2300 ron
595 2267 728 2300 Olmeuz-
765 2266 910 2300 cerleilel
947 2267 1018 2300 dem
1057 2266 1189 2299 Mars-lh·
1220 2277 1281 2298 ron
1313 2265 1497 2298 Petrowicz-
1527 2265 1602 2298 Arei
1641 2264 1869 2298 l'iertellaltm*
1900 2276 1970 2298 sum

607 2327 728 2362 Lelwte.
764 2327 820 2362 DC.
852 2327 1018 2370 Freiberfl
1051 2326 1106 2360 19.
1141 2325 1333 2359 December·
1372 2326 1481 2359 1395.

263 2403 442 2457 Nicotaus
480 2428 543 2457 etc.
581 2424 837 2458 notnmfacimus
876 2428 938 2457 etc.
998 2423 1093 2464 Quod
1132 2422 1312 2460 diligenter
1350 2422 1570 2456 consideratis
1606 2425 1761 2456 serviciis
1806 2422 1900 2456 nobis
1943 2427 1975 2456 et

109 2484 253 2519 ecclesie
282 2489 397 2518 nostre
428 2483 662 2518 Olomucensis
693 2487 850 2530 impensis
880 2496 918 2518 ac
948 2488 978 2518 in
1014 2488 1182 2530 posterum
1214 2495 1273 2528 pei·
1311 2482 1440 2516 fidelem
1472 2487 1620 2516 nostrum
1651 2482 1894 2517 Marssiconem
1935 2484 1975 2517 de

114 2544 302 2579 Petrowicz
332 2544 578 2590 impendendis7
609 2544 669 2579 sibi
699 2556 759 2590 pro
789 2556 825 2578 se
856 2549 888 2578 et
916 2549 984 2578 suis
1015 2543 1194 2578 heredibus
1224 2544 1379 2587 legitimis
1410 2542 1583 2577 masculini
1613 2554 1715 2577 sexus
1740 2547 1773 2577 in
1793 2547 1973 2578 servicium

109 2605 259 2640 dedimus
290 2616 329 2639 ac
358 2604 568 2651 presentibus
599 2605 640 2639 de
669 2610 760 2639 certa
792 2610 905 2639 nostra
936 2608 1081 2638 sciencia
1113 2608 1143 2638 in
1175 2605 1250 2637 villa
1284 2604 1469 2637 Petrowicz
1508 2603 1623 2637 damus
1662 2608 1691 2637 et
1723 2604 1884 2638 donamus
1915 2608 1975 2638 tria

117 2666 277 2712 quartalia
308 2677 479 2711 agrorum.
513 2677 576 2711 que
606 2666 715 2710 longis
745 2666 949 2712 temporibus
980 2666 1102 2699 int-ulta
1128 2667 1317 2709 jacuerunt.
1350 2664 1406 2698 Sic
1428 2669 1549 2699 tamen.
1580 2665 1665 2709 quod
1688 2665 1792 2699 dictus
1812 2664 1978 2699 Marssico
