2313 3090
12 2940 35 3090 ffiw—*ffffd
11 2887 26 2934 ⁷⁴³5
10 2798 24 2883 -175-
10 2767 22 2793 -ε-
10 2729 26 2759 -rq
10 2699 18 2705 ³-
10 2683 16 2691 ⁴*
12 2669 16 2677 -
11 2656 20 2664 v

1043 202 1116 237 385

1029 411 1137 447 4⁶27.

145 502 569 537 Notaritzts-Iustrumenl
606 504 689 538 uber
728 506 789 539 deu
836 506 1014 551 l'erylet'ch
1054 508 1222 541 ziciscken
1260 509 1331 542 (lem
1372 508 1640 543 Tisehuowz·t:-er
1675 510 1815 544 Istos-ter
1845 513 1911 545 etus!
1941 513 2012 545 (lem

143 563 293 608 Psarrer
326 563 443 598 Ulrz‘ck
473 567 504 598 ιή
537 556 642 598 Clebin
673 565 849 610 bez-ciyle'cle
878 569 1044 611 yemis-vet·
1074 568 1227 602 Zehenle
1257 571 1288 602 ῖη
1320 568 1495 603 Ηναιίὲαη.
1527 569 1585 603 ΠΙ,
1620 570 1677 604 11.
1709 572 1781 604 Oet.
1807 571 1917 606 1397.
1939 586 1965 607 s,
1989 572 2009 606 l.

301 657 346 712 'n
380 682 514 713 nomine
550 679 674 713 domini
711 691 819 714 amen.
867 682 968 715 Anno
1007 685 1187 716 nativitatis
1225 682 1372 716 eiusdem
1410 683 1586 717 millesimo
1624 688 1860 719 trecentesimo
1898 697 2010 719 nona-

141 742 272 785 gesimo
309 742 462 786 septimo,
501 740 689 775 indiccione
727 745 851 786 quinta,
891 742 944 775 die
974 743 1148 777 undecima
1178 746 1302 777 mensis
1333 743 1490 777 Octobris
1519 744 1601 778 hora
1633 748 1790 779 teriarum
1821 747 1876 780 vel
1907 750 2010 792 quasi.

142 799 352 846 pontificatus
381 803 583 835 sanctissimi
612 803 645 835 in
675 800 808 836 Christo
838 806 941 848 patris
971 808 1002 837 et
1033 804 1155 838 domini
1185 807 1289 838 nostri
1319 804 1441 838 domini
1471 804 1634 838 Bonifacii
1658 806 1770 839 divina
1791 807 2009 852 providencia

141 871 228 907 pape
267 864 345 895 noni
385 872 472 895 anno
511 864 613 908 ipsius
657 867 789 896 octavo.
821 866 851 896 in
883 863 1066 897 Olomuncz
1101 868 1133 898 in
1172 865 1270 898 domo
1309 864 1528 899 habitacionis
1559 865 1762 900 honorabilis
1792 871 1856 901 viri
1886 868 2009 902 domini

142 920 314 967 Smylonis
356 922 397 956 de
439 922 598 956 iViczow
642 923 851 957 baccalanrci
895 927 925 958 in
956 925 1112 958 decretis.
1152 928 1303 959 canonici
1340 930 1370 959 et
1407 925 1558 959 officialis
1596 926 1842 970 Olomucensis.
1884 931 1915 962 in
1945 931 2008 962 mei

139 985 261 1016 notarii
302 982 424 1028 publici
466 986 667 1029 testiumque
710 988 886 1031 presencia
930 985 1192 1031 subscriptorum
1231 989 1398 1020 constituti
1436 987 1660 1033 personaliter
1696 988 1911 1022 honorabiles
1946 992 2008 1023 viri

139 1042 264 1077 domini
291 1042 464 1078 Johannes
495 1044 658 1091 plebanus
687 1046 832 1079 ecclesie
862 1046 1080 1092 parrochialis
1111 1050 1141 1080 in
1173 1046 1300 1093 Guryn.
1319 1053 1517 1093 procurator
1546 1053 1577 1082 ei
1606 1052 1740 1082 nomine
1769 1053 2002 1095 procuratorio

139 1103 384 1139 venerabilium
423 1116 461 1139 ac
490 1105 725 1151 religiosarum
756 1107 1005 1140 domicellarum
1036 1108 1179 1151 Agnetis
1209 1107 1376 1142 abbatisse
1406 1113 1437 1142 et
1467 1114 1654 1143 conventus
1684 1113 1879 1144 monasterii
1907 1110 2006 1145 Porte

138 1164 203 1198 celi
242 1168 274 1199 in
313 1164 547 1210 Tussnowicz.
585 1167 819 1202 Olomucensis
859 1167 1002 1201 diocesis
1033 1180 1075 1202 ex
1105 1180 1178 1207 una,
1209 1174 1239 1202 et
1269 1169 1401 1203 I‘lricus
1430 1169 1591 1215 plebanus
1621 1171 1765 1204 ecclesie
1794 1174 1825 1205 in
1856 1170 2007 1217 Czewyn

139 1226 290 1260 eiusdem
319 1226 464 1261 diocesis
492 1232 587 1274 parte
616 1239 660 1262 ex
689 1228 763 1262 alia.
795 1240 907 1262 coram
939 1228 1188 1263 honorabilibus
1218 1232 1299 1263 viris
1329 1229 1471 1263 dominis
1501 1230 1686 1264 wilhelmo
1716 1231 1947 1277 Kortelangen
1977 1238 2009 1266 et

139 1286 302 1333 Smylone
338 1288 379 1322 de
417 1288 588 1331 iWczow,
626 1288 949 1323 administratoribus
986 1293 1015 1323 in
1046 1289 1271 1335 spiritualibus
1301 1302 1361 1336 per
1389 1291 1566 1336 capitulum
1599 1292 1832 1326 Olomucensis
1862 1293 2006 1327 ecclesie

136 1347 218 1382 sede
254 1353 398 1383 vacante
434 1349 610 1395 deputatis,
649 1361 750 1395 super
784 1351 839 1384 lite
878 1355 907 1384 et
945 1354 1178 1384 controversia
1219 1350 1258 1384 de
1299 1350 1495 1396 quibusdam
1528 1352 1665 1386 decimis
1695 1352 1735 1386 de
1765 1353 1840 1387 villa
1870 1353 2006 1388 Raczan

136 1419 198 1454 pro
227 1409 372 1443 ecclesia
401 1409 607 1456 parrochiali
637 1422 676 1444 ac
706 1410 839 1444 domino
868 1410 982 1445 Utrico
1011 1415 1145 1444 rectore
1166 1411 1315 1445 eiusdem
1337 1412 1451 1446 dandis
1477 1417 1508 1446 et
1529 1413 1701 1447 solvendis
1721 1425 1758 1447 se
1779 1415 2005 1448 concordasse

138 1474 344 1514 asserentes,
373 1481 413 1504 ac
443 1471 737 1505 concordaverunt
774 1471 961 1505 huiusmodi
998 1471 1058 1505 sub
1089 1472 1216 1505 forma:
1256 1473 1411 1506 videlicet
1442 1473 1529 1518 quod
1560 1474 1727 1508 abbatissa
1757 1479 1789 1509 et
1818 1480 2004 1509 conventus

137 1534 333 1565 monasterii
361 1534 396 1565 in
424 1531 646 1566 Tussnowicz
674 1533 815 1578 predicti
844 1534 974 1579 prefato
1005 1533 1138 1566 domino
1168 1533 1282 1567 [⁷lrico
1312 1533 1453 1579 plebano
1482 1537 1514 1568 in
1544 1534 1681 1568 Czewin
1712 1540 1741 1569 et
1773 1547 1833 1569 sue
1861 1536 2006 1571 ecclesie

136 1593 274 1637 suisque
308 1591 467 1637 legitimis
502 1593 758 1627 successoribus
797 1594 939 1628 debeant
969 1606 1006 1627 ac
1038 1599 1214 1628 teneantur
1243 1597 1412 1640 perpetuis
1443 1595 1647 1642 temporibus
1678 1597 1758 1630 dare
1787 1597 1936 1640 solvere.
1967 1608 2005 1631 ac

135 1663 211 1686 cum
245 1652 365 1686 effectu
393 1656 466 1687 sine
495 1657 584 1688 omni
614 1654 886 1689 contradiccione
915 1658 1090 1699 assignare
1119 1655 1259 1699 singulis
1288 1659 1384 1689 annis
1414 1661 1557 1701 quatuor
1587 1657 1716 1691 modios
1747 1658 2002 1701 frumentorum.

134 1725 235 1748 unum
266 1716 375 1758 tritici,
404 1726 504 1749 unum
534 1715 687 1761 siliginis.
717 1716 863 1761 reliquos
892 1727 976 1749 vero
1007 1716 1088 1749 dnos
1119 1716 1246 1749 modios
1276 1728 1396 1759 avene.
1427 1721 1539 1750 cetera
1578 1728 1662 1751 vero
1693 1721 1816 1751 minuta
1836 1721 1897 1764 ipsi
1927 1719 2001 1753 laici

136 1776 169 1808 in
197 1774 278 1809 villa
306 1773 444 1809 Raczan
473 1776 621 1821 predicta
655 1775 778 1810 debent.
806 1782 837 1810 et
868 1781 1022 1810 tenentur
1051 1777 1130 1809 dare
1159 1780 1190 1809 et
1211 1777 1348 1810 solvere
1369 1777 1456 1810 dicto
1478 1777 1610 1811 domino
1633 1777 1758 1815 Ulrico,
1779 1790 1839 1812 sue
1860 1779 2003 1813 ecclesie

76 1826 83 1834 ’
135 1847 175 1870 ac
213 1839 283 1870 suis
315 1835 570 1870 successoribus
600 1840 772 1883 perpetuis
802 1837 1019 1883 temporibus.
1050 1841 1132 1871 sient
1163 1837 1324 1871 hactenus
1355 1848 1414 1883 pro
1443 1838 1529 1871 dicta
1559 1838 1702 1872 ecclesia
1740 1839 1942 1884 parrochiali
1971 1843 2002 1873 in

135 1895 276 1931 Czewin
304 1897 466 1931 dederunt
495 1909 535 1931 ac
564 1897 700 1932 solvere
730 1904 991 1932 consueverunt.
1024 1898 1114 1940 Quas
1143 1898 1274 1943 quidem
1301 1899 1551 1932 ordinacionem
1572 1904 1603 1932 et
1624 1900 1838 1933 concordiam
1863 1901 2003 1946 predicti

135 1957 272 2002 domini,
315 1957 488 1992 Johannes
530 1963 730 2004 procurator
773 1964 803 1992 et
847 1962 980 1992 nomine
1016 1961 1259 2004 procuratorio.
1299 1970 1363 2003 quo
1394 1970 1504 2005 snpra.
1537 1959 1663 1993 habens
1693 1960 1732 1993 ad
1763 1960 1827 1994 hoc
1856 1961 2002 2006 speciale

135 2018 324 2052 mandatum
363 2023 395 2052 et
432 2018 568 2053 Ulricus
604 2019 766 2065 plebanus
805 2023 834 2053 in
873 2018 1009 2053 Czewin
1040 2024 1158 2066 sponte
1187 2031 1227 2052 ac
1257 2020 1443 2053 voluntarie
1472 2020 1636 2066 solempni
1666 2020 1885 2066 stipulacione
1914 2026 2002 2055 ratas

133 2084 248 2125 gratas
277 2084 377 2125 atque
406 2078 517 2114 firmas
547 2085 708 2126 perpetue
738 2092 777 2114 ac
797 2080 1033 2114 inviolabiliter
1063 2080 1249 2114 observare
1278 2081 1540 2125 spoponderunt.
1573 2080 1682 2126 Super
1712 2080 1828 2126 quibus
1850 2081 2002 2115 omnihus

132 2145 166 2175 et
210 2140 349 2186 singulis
390 2141 549 2175 videlicet
591 2145 853 2188 composicione.
899 2142 1077 2176 concordia
1115 2146 1146 2175 et
1185 2141 1401 2174 ordinacione
1441 2143 1691 2186 premissorum.
1732 2142 1849 2187 prefati
1880 2142 2001 2175 domini

132 2199 304 2235 Johannes
332 2206 533 2247 procurator
561 2207 592 2235 et
623 2205 758 2236 nominc
787 2206 1021 2249 procuratorio
1052 2202 1218 2236 abbatisse
1248 2206 1279 2234 et
1304 2205 1491 2234 conventus
1513 2204 1704 2234 monasterii
1728 2204 1758 2235 in
1779 2201 2001 2235 Tussnowicz

131 2261 284 2308 predicti,
324 2266 357 2296 et
393 2262 526 2297 Ulricus
561 2262 723 2309 plebanus
761 2267 793 2297 in
829 2263 968 2297 Czewin
1003 2266 1192 2309 petiverunt
1223 2264 1301 2307 ipsis
1330 2273 1389 2307 per
1420 2272 1471 2295 nie
1501 2264 1664 2295 notarium
1694 2261 1858 2308 publicum
1889 2263 2000 2296 infra-

131 2325 291 2368 scriptum
330 2333 429 2356 unum
468 2324 523 2358 vel
561 2324 654 2370 plura
692 2324 858 2370 publicum
899 2336 957 2358 seu
994 2324 1123 2370 publica
1163 2323 1279 2357 contici
1319 2326 1571 2356 instrumentum
1610 2322 1665 2355 vel
1706 2325 1937 2365 instrumenta,
1969 2327 1999 2356 et

131 2383 243 2428 sigillo
278 2386 462 2418 vicariatus
498 2383 731 2419 Olomucensis
770 2386 914 2419 ecclesie
950 2385 1114 2419 roborari.
1152 2386 1319 2430 perpetuis
1357 2382 1561 2428 temporibus
1597 2382 1799 2416 duraturum.
1840 2383 1925 2427 quod
1970 2388 2000 2417 et

131 2444 197 2479 feci
227 2444 267 2478 de
297 2444 453 2478 mandato
483 2444 692 2479 dominorum
721 2445 896 2480 Wilhelnn
926 2451 957 2480 et
988 2446 1157 2492 Smylonis
1187 2445 1422 2491 predictorum.
1456 2445 1542 2477 Acta
1572 2448 1648 2476 sunt.
1677 2442 1738 2476 hec
1765 2454 1863 2486 anno,
1886 2444 1998 2477 indic-

128 2508 241 2550 cione,
272 2505 336 2547 die,
366 2516 495 2548 mense,
526 2505 621 2548 hora,
652 2506 843 2552 pontificatu
873 2512 905 2541 et
933 2508 1008 2541 loco
1039 2506 1157 2552 quibus
1187 2517 1297 2551 snpra.
1338 2503 1550 2538 Prescntibus
1582 2503 1832 2537 honorabilibus
1861 2508 1893 2537 et
1923 2504 1996 2538 dis-

129 2569 231 2600 cretis
274 2568 357 2599 viris
399 2565 541 2599 dominis
583 2565 765 2600 Raczcone
807 2571 970 2602 canonico
1006 2571 1111 2601 sancti
1146 2566 1297 2600 Mauricii
1336 2568 1366 2599 in
1407 2564 1601 2598 Chremisir.
1640 2564 1736 2598 Petro
1767 2564 1930 2610 Stephani
1960 2565 2000 2598 de

130 2625 282 2673 Snoyma
312 2631 343 2660 et
372 2625 513 2660 Nicolao
543 2625 584 2660 de
613 2626 772 2661 Brodlina
801 2628 997 2674 presbiteris
1028 2628 1262 2662 Olouiucensis
1288 2627 1431 2659 diocesis
1462 2624 1600 2658 testibus
1624 2626 1662 2658 ad
1684 2628 1846 2671 premissa
1869 2628 1998 2659 vocatis

130 2687 321 2733 specialiter
350 2691 381 2721 et
410 2690 549 2733 rogatis.

1834 2747 1872 2772 49
