2313 3090
1025 202 1093 236 137

118 309 321 352 juramento,
352 309 436 341 sicut
465 309 676 352 premittitur,
707 311 845 352 recepto
875 318 892 339 a
922 307 1017 341 dictis
1046 306 1194 352 partibus
1223 306 1278 340 vel
1307 306 1412 340 altera
1442 309 1589 352 ipsarum
1620 317 1682 339 una
1704 317 1778 339 cum
1799 306 1926 339 Jacobo
1949 307 1989 340 de

122 368 233 402 Bruna
261 370 392 402 notario
422 378 524 401 cause
552 367 702 413 predicte
732 370 821 412 ipsas
850 372 962 413 partes
992 368 1046 402 vel
1076 368 1214 401 alteram
1245 370 1391 413 ipsarum
1415 371 1547 401 secrete
1568 378 1628 412 per
1643 368 1870 411 juramentum
1892 378 1993 413 super

123 428 270 463 articulis
290 428 503 474 presentibus
532 428 719 462 interclusis
750 433 779 461 et
810 429 950 473 siugulis
980 429 1051 462 aliis
1081 439 1195 462 coram
1226 428 1323 462 vobis
1352 428 1523 474 productis
1552 428 1607 462 vel
1636 428 1861 473 producendis
1883 431 1994 461 inter-

121 492 259 534 rogetis.
290 489 371 523 Item
401 492 429 522 si
458 492 529 535 ipsa
559 500 636 534 pars
666 500 723 522 rea
753 489 792 522 ad
824 494 971 522 vestram
1002 491 1199 523 citacionem
1231 500 1345 522 coram
1375 489 1471 523 vobis
1501 491 1738 534 comparuerit„
1769 491 1849 534 ipsis
1893 499 1992 522 man-

121 550 205 584 detis
225 552 422 583 auctoritate
442 550 638 596 apostolica.
669 561 732 594 qua
764 561 824 582 vos
854 553 884 583 iu
915 550 979 583 bac
1008 554 1102 595 parte
1131 550 1229 595 plene
1260 549 1352 594 fungi
1382 550 1549 587 volumus*
1580 554 1743 595 quatenus
1764 550 1989 595 respondeant

123 610 348 656 posicionibus
377 615 409 644 et
438 610 586 644 articulis
615 610 754 655 predicti
785 610 908 644 domini
937 610 1067 644 *Nicolai
1096 613 1220 644 actoris
1249 610 1472 656 presentibus.
1503 615 1535 643 ut
1566 613 1775 656 premittitun
1802 610 1992 643 interclusis

85 688 97 693 ·
119 673 237 717 previo
263 672 455 715 juramento
485 675 515 704 et
546 673 818 715 interrogatoria.
849 674 876 704 si
906 682 968 716 qua
999 674 1029 705 in
1060 683 1160 705 eausa
1190 683 1248 705 seu
1279 674 1388 705 causis
1418 671 1606 705 huiusmodi
1636 671 1716 705 dare
1745 672 1894 717 predicta
1934 683 1992 705 rea

119 742 196 778 pars
224 732 337 769 velletq
376 732 429 765 illa
460 743 574 765 coram
604 731 701 765 vobis
732 731 806 764 dent
838 737 867 765 et
899 735 1083 776 assignent.
1114 732 1228 765 Eciam
1256 737 1371 774 testes.
1388 743 1471 777 quos
1492 732 1640 778 prefatus
1661 732 1813 765 dominus
1833 731 1992 766 Nicolaus

120 796 174 826 aut
211 795 313 838 ipsius
349 797 547 838 procurator
584 803 697 826 coram
738 792 833 826 vobis
867 793 1005 826 ‘duxerit
1040 793 1273 826 nominandos.
1313 796 1512 826 auctoritate
1547 793 1697 838 predicta
1737 795 1844 827 citetis
1883 797 1915 826 et
1951 792 1990 825 ad

119 857 266 886 vestram
296 856 507 899 presenciam
539 857 702 887 evocetis
734 854 851 898 quibus
882 858 929 887 sic
959 865 1072 887 eoram
1104 853 1200 886 vobis
1230 853 1398 899 productis
1429 853 1469 887 ab
1500 856 1579 899 ipsis
1608 857 1778 899 recipiatis
1799 853 1990 899 corporalia

115 915 304 958 juramenta
334 914 374 948 ad
404 919 518 948 sancta
549 914 600 948 dei
631 915 808 951 evangelia
840 920 868 948 et
900 918 1079 959 imaginem
1110 913 1260 947 crucifixi
1296 917 1325 947 in
1364 917 1540 959 presencia
1578 914 1802 959 predictarum
1841 916 1990 959 parcium

118 978 171 1008 aut
209 977 355 1020 ipsarum
393 975 497 1008 altera
534 986 594 1020 per
632 979 874 1008 contumaciam
915 975 1074 1008 absente:
1104 974 1310 1019 eosdemque
1340 979 1442 1008 testes
1472 986 1573 1020 super
1602 975 1749 1008 articulis
1780 974 1990 1020 presentibus

118 1035 254 1069 inclusis
284 1040 316 1069 et
344 1039 604 1080 interrogatoria
634 1047 695 1082 per
723 1047 785 1069 vos
816 1036 967 1069 facienda
998 1028 1180 1069 secundum
1211 1036 1453 1069 discrecionem
1485 1047 1501 1069 a
1533 1036 1595 1069 deo
1627 1035 1722 1070 vobis
1752 1035 1904 1068 traditam
1927 1046 1989 1068 una

119 1107 193 1130 cum
221 1096 349 1130 Jacoho
379 1099 510 1130 notario
539 1097 690 1143 predicto
720 1102 852 1130 secrete
883 1101 914 1130 et
944 1097 1109 1141 sigillatim
1141 1099 1341 1130 examinetis
1371 1101 1402 1129 et
1433 1107 1547 1129 eorum
1580 1096 1677 1139 dieta.
1709 1099 1804 1129 unius
1829 1098 1991 1140 cuiusque

118 1160 311 1191 nominatim
347 1161 379 1191 et
415 1157 572 1204 specifice
598 1160 630 1191 in
668 1161 800 1203 scriptis
836 1158 983 1191 redacta.
1023 1157 1082 1191 sub
1121 1160 1243 1191 vestris
1282 1157 1400 1201 sigillis
1429 1157 1483 1190 vel
1513 1161 1704 1190 vestroruin
1734 1156 1840 1190 altero
1870 1157 1991 1190 clausis

117 1217 214 1251 nobis
242 1229 303 1264 per
330 1218 493 1252 Jacobum
522 1221 686 1252 notarium
729 1219 912 1264 predictum
950 1230 1012 1251 uua
1043 1229 1117 1251 eum
1147 1217 1357 1262 presentibus
1387 1229 1488 1263 super
1509 1222 1638 1250 sextam
1662 1217 1779 1250 feriam
1800 1220 1989 1262 proximam

117 1283 192 1324 post
227 1278 349 1313 festum
386 1284 600 1326 pentecostes
639 1279 802 1313 inclusive
840 1281 1088 1313 transmittatis:
1119 1281 1249 1324 penitus
1280 1290 1380 1324 super
1410 1279 1505 1312 dictis
1535 1281 1766 1311 cousciencias
1796 1283 1929 1312 vestras
1958 1281 1989 1311 in

117 1342 289 1385 premissis
319 1340 511 1386 specialiter
539 1351 731 1374 oneramus.
764 1340 883 1373 Testes
913 1345 1037 1382 autem,
1068 1343 1121 1384 qui
1151 1343 1309 1373 nominati
1341 1340 1473 1374 fuerint.
1514 1342 1540 1372 si
1580 1351 1616 1372 se
1654 1342 1782 1383 gracia.
1824 1339 1899 1372 odio
1936 1339 1990 1372 vel

117 1403 235 1434 timore
264 1400 503 1435 subtraxerint.
533 1412 594 1447 per
632 1412 808 1434 censuram
848 1400 1112 1434 ecclesiasticam
1155 1403 1352 1433 auctoritate
1395 1400 1542 1445 predicta
1587 1400 1796 1445 compellatis
1838 1402 1989 1433 veritatis

117 1463 339 1495 testimonium
369 1461 560 1507 perbibere.
583 1465 724 1495 citantes
745 1461 978 1495 nichilominus
1000 1465 1204 1494 memoratos
1225 1472 1302 1494 reos
1325 1461 1521 1494 Bobdalum.
1543 1460 1744 1503 Jankonem,
1766 1460 1987 1494 Micbahelem

117 1525 150 1555 et
178 1521 360 1568 Georgium
392 1522 610 1556 ecclesiarum
650 1523 874 1569 predictarum
914 1522 1074 1568 plebanos
1114 1522 1152 1555 ad
1190 1527 1317 1555 eertum
1347 1525 1523 1555 terminum
1553 1524 1813 1567 peremptorium
1845 1533 1989 1567 compe-

116 1586 240 1616 tentem
278 1595 344 1617 uno
382 1594 442 1629 pro
482 1584 586 1618 tribus
626 1584 747 1625 edicto,
787 1595 869 1629 quos
906 1589 935 1616 et
967 1595 1027 1617 nos
1058 1582 1269 1628 presentibus
1299 1586 1450 1616 citamus.
1483 1587 1514 1615 ut
1545 1586 1604 1628 ipsi
1636 1585 1667 1615 in
1697 1583 1815 1616 eodem
1847 1585 1988 1616 termino

117 1646 165 1678 eis
192 1655 254 1690 per
282 1656 344 1679 vos
373 1644 503 1691 prefixo
533 1656 591 1678 seu
621 1644 818 1690 profigendo
849 1656 961 1678 coram
993 1643 1088 1677 nobis
1118 1647 1149 1677 in
1178 1649 1294 1677 nostro
1316 1646 1519 1677 monasterio
1540 1643 1817 1677 Zabrdowicensi
1838 1643 1988 1688 predicto

116 1705 264 1750 legitime
294 1711 511 1752 compareant
541 1707 581 1740 ad
611 1706 791 1740 videndum
822 1710 851 1739 et
882 1705 1081 1738 audiendum
1112 1705 1272 1750 publicari
1304 1705 1491 1738 huiusmodi
1522 1704 1607 1737 dicta
1634 1707 1764 1737 testium
1788 1708 1818 1737 et
1841 1707 1987 1737 omnium

115 1766 352 1812 productorum
391 1770 480 1801 circa
519 1770 772 1801 attestacionem
813 1766 979 1812 predictas
1019 1767 1073 1800 vel
1102 1766 1313 1809 allegandum
1344 1776 1479 1798 causam
1510 1776 1569 1798 seu
1600 1776 1719 1798 causas
1750 1764 1986 1798 racionabilem

116 1838 175 1860 seu
213 1827 448 1863 racionabiles.
485 1839 588 1874 quare
627 1831 789 1874 premissa
822 1828 891 1861 fieri
923 1839 986 1860 non
1017 1826 1172 1860 debeant.
1204 1826 1318 1859 Fidem
1349 1825 1444 1859 nobis
1475 1826 1515 1858 de
1545 1828 1717 1871 premissis
1747 1824 1900 1858 omnibus
1930 1836 1989 1870 per

117 1893 249 1922 vestras
278 1888 391 1923 literas
421 1892 629 1923 remissionis
658 1892 781 1922 vestris
811 1889 928 1933 sigillis
958 1900 1022 1933 quo
1053 1899 1151 1933 supra
1184 1887 1344 1927 sigillatas
1374 1887 1555 1932 plenariam
1599 1885 1739 1919 faciatis.
1797 1885 1916 1919 Datum
1957 1888 1987 1918 in

117 1953 320 1983 monasterio
358 1954 473 1983 nostro
511 1949 734 1984 Zabrdowicz
773 1949 951 1984 antedicto.
999 1961 1085 1982 anuo
1123 1948 1245 1981 domini
1285 1947 1459 1981 millesimo
1499 1949 1735 1980 trecentesimo
1766 1949 1986 1989 nonagesimo

116 2013 233 2054 tercio,
263 2009 316 2044 die
346 2013 506 2044 vicesima
536 2013 641 2056 prima
673 2013 797 2043 mensis
825 2009 915 2043 Maii.
947 2014 1061 2043 nostro
1092 2009 1200 2054 sigillo
1231 2011 1348 2042 maiori
1378 2018 1552 2053 appresso.

427 2121 503 2161 (Ans
527 2124 589 2149 dem
615 2124 744 2156 original
771 2124 797 2148 in
825 2124 874 2148 der
900 2123 1093 2149 Bos-ek‘sclien
1119 2122 1178 2155 Stg,
1205 2131 1231 2149 η,
1259 2122 1341 2146 3116
1368 2122 1402 2145 ini
1429 2121 1517 2148 iniilir,
1543 2121 1823 2153 Lan‹t‹›s-Archive„>

1009 2269 1024 2303 1
1039 2269 1111 2304 w.

116 2347 238 2382 SIaclae.
262 2347 422 2381 Deckant
450 2350 482 2381 in
518 2348 645 2382 Tasan.
685 2346 837 2381 l‘Venzel.
869 2347 1017 2392 Psarrer
1047 2348 1078 2379 iu
1102 2346 1257 2379 ΔΙΙθε-ῐρἰῐκ
1281 2347 1401 2378 eitiren
1422 2346 1567 2388 {servisse
1588 2344 1726 2387 Zenyeu
1749 2345 1791 2376 ιήι
1815 2343 1984 2376 Prot-esse

274 2409 440 2442 z-wiscleeu
471 2409 533 2441 (len
566 2408 733 2452 Pfarreru
767 2408 915 2442 Bolcdal,
945 2407 1058 2441 Jaulfo
1089 2411 1151 2441 ete.
1185 2407 1252 2440 nm!
1280 2407 1342 2439 {len
1376 2405 1537 2438 Brittium*
1568 2404 1824 2437 Kreuz-lterren.

766 2468 822 2502 Dt.
856 2468 1001 2502 Mezire'c‘·
1030 2468 1089 2501 23,
1123 2468 1197 2501 Mae?
1228 2466 1337 2500 1393.

274 2546 423 2598 Stacho
453 2565 599 2598 decanus
629 2564 914 2598 Thassowicnsis.
947 2563 1170 2597 wenceslaus
1201 2562 1360 2608 plebanus
1391 2561 1533 2595 ecclesie
1565 2560 1767 2606 parochialis
1789 2563 1819 2593 in
1840 2559 1985 2605 Mezyr-

117 2637 222 2672 zyecz
252 2630 455 2659 executores
485 2625 523 2658 ad
555 2625 638 2658 infra
669 2628 791 2670 scripta
822 2629 855 2658 et
883 2627 1102 2658 commissarii
1134 2636 1150 2656 a
1181 2622 1363 2656 venerabili
1395 2626 1488 2667 patre
1518 2621 1651 2654 domiuo
1681 2620 1834 2654 Jaroslao
1865 2620 1985 2654 abbate

116 2689 309 2721 monasterii
346 2685 640 2719 Zabrdowicensis
680 2697 784 2731 prope
823 2685 980 2719 Brunam.
1014 2686 1127 2729 judice
1167 2689 1195 2717 et
1227 2687 1468 2716 conservatore
1502 2683 1625 2725 jurium
1667 2686 1697 2714 et
1727 2681 1982 2726 privilegiorum

1780 2744 1815 2768 18
