2313 3090
1259 183 1306 216 90

352 291 484 335 berung
515 291 578 324 und
608 290 830 336 aigenschaft.
861 290 907 322 als
937 291 1001 321 wir
1030 291 1078 321 sie
1099 287 1225 332 gehabt
1255 286 1377 330 haben,
1406 298 1468 321 uns
1488 286 1576 320 noch
1597 297 1721 320 unsern
1743 285 1847 320 erben
1867 285 1955 320 noch
1975 285 2216 330 nachkumling

351 352 460 385 daven
499 351 606 385 nichts
645 363 685 384 zu
721 350 884 384 bchalden
923 348 1009 382 noch
1048 359 1289 393 ausgenomen.
1347 347 1497 382 Dorumb
1524 347 1653 395 rgloben
1682 350 1747 382 wir
1775 351 2031 393 vorgenannter
2058 346 2122 380 Jan
2150 346 2216 381 und

351 412 550 457 Kunigundc
580 415 634 445 mit
664 412 735 444 allir
766 413 855 444 unsir
883 409 947 443 hab
978 408 1105 442 varund
1135 408 1200 442 und
1230 408 1419 451 unvarund„
1448 419 1504 442 wo
1533 410 1598 441 wir
1628 408 1680 441 die
1709 407 1830 451 haben,
1861 408 1935 441 deni
1958 411 2216 453 vorgenannten

352 472 453 505 herrn
483 472 639 505 Franken
675 472 738 504 und
779 471 851 503 dem
889 469 1049 511 konvent‚
1090 468 1262 503 dieselben
1300 468 1376 502 funf
1410 467 1526 503 hausir
1563 470 1621 501 mit
1649 467 1732 501 aller
1760 471 1828 501 irer
1856 468 2079 513 zugehorung
2108 467 2216 502 freien

352 533 485 577 ledigen
515 533 578 565 und
608 543 671 565 vor
700 531 823 564 allcrlci
854 529 1017 575 anspraeh
1048 529 1262 563 beschirmen
1291 528 1345 563 hei
1373 539 1498 562 unsern
1519 533 1614 562 treun
1634 528 1699 561 und
1722 540 1814 562 eren.
1843 528 1918 562 Und
1946 529 2005 563 des
2025 539 2066 562 zu
2085 527 2216 562 urkund

352 593 417 626 hab
439 596 503 626 wir
522 593 584 626 Jan
608 595 859 636 vorgcnannter
888 593 976 623 mein
1006 592 1106 635 eigen
1133 589 1301 634 ingesigel
1329 589 1395 623 und
1415 601 1456 622 zu
1476 588 1712 634 gezeuknusse
1733 588 1843 622 haben
1872 589 1924 622 die
1944 591 2075 623 weisen
2096 599 2217 622 manne

353 653 456 687 durch
494 656 586 686 uusir
623 656 689 697 pett
727 651 838 685 willen
865 650 1036 684 Johannes
1066 649 1200 684 Lukner
1236 650 1301 683 und
1330 649 1479 683 Herman
1509 649 1669 693 Tassner,
1699 649 1752 683 die
1781 652 1846 683 zeit
1874 660 2036 694 gesworn
2066 649 2126 683 der
2144 653 2219 684 ,stat

351 725 390 746 zu
420 713 566 746 Brunne.
601 716 628 745 i1·
656 712 776 756 insigel
805 722 846 744 an
876 711 991 744 diesen
1020 710 1109 756 prief
1135 710 1330 756 gehangen,
1366 710 1426 743 der
1454 709 1565 755 geben
1594 712 1635 743 ist
1663 709 1749 743 nach
1780 708 1891 743 Christ
1927 714 2049 755 gepurt
2076 709 2216 744 tausend

347 775 402 817 jar
430 773 644 807 dreihundert
669 773 723 816 jar
752 772 816 805 und
847 775 878 805 in
908 771 981 805 dem
1013 774 1100 805 zwei
1129 771 1194 805 und
1222 773 1467 816 neunzigistem
1492 772 1547 815 jar
1576 782 1618 804 an
1646 770 1729 804 saud
1760 769 1947 815 Gallentag.

664 877 735 911 (Ans
767 877 828 901 (lem
861 876 1130 910 Transumptbuebe
1162 886 1190 910 p.
1226 875 1321 911 ‘250sb
1353 875 1390 900 im
1414 875 1540 901 Archive
1565 875 1614 901 des
1640 875 1772 901 Klost«··rs
1796 884 1818 903 s,
1843 875 1970 901 Thomas
1995 875 2023 901 in
2047 874 2217 910 Altbriinn.)

1234 1029 1337 1064 los.

352 1108 488 1141 ,ΙοΙιαηη
520 1120 581 1141 ron
612 1107 802 1152 Sternberq
834 1107 993 1152 rerlsanft
1021 1108 1095 1141 dem
1124 1107 1261 1141 Fabe'tm
1288 1118 1353 1140 ron
1390 1106 1525 1142 lVdZan
1556 1107 1619 1141 das
1648 1106 1746 1152 Dorf
1763 1098 1923 1142 Cerncz'n.
1955 1107 2012 1141 Dc.
2036 1107 2216 1141 Kremsier

1089 1167 1149 1202 28.
1184 1167 1335 1202 October
1366 1167 1476 1202 1392.

506 1244 689 1297 Noverint
717 1267 867 1298 universi
897 1267 1108 1310 presencium
1137 1264 1281 1298 habituri
1310 1266 1478 1298 noticiam.
1509 1263 1605 1305 Quod
1644 1275 1709 1309 ego
1738 1262 1911 1298 Johannes
1949 1263 1991 1297 de
2027 1261 2218 1309 Sternberg

351 1324 431 1358 alias
461 1324 501 1357 de
517 1324 644 1359 Lucaw
672 1324 758 1358 hona
789 1324 1036 1359 deliberacione
1066 1329 1098 1359 et
1118 1328 1302 1359 amicorum
1323 1325 1462 1359 consilio
1484 1323 1658 1371 prehabito
1680 1324 1809 1359 famoso
1830 1324 1989 1370 Pabyano
2011 1324 2052 1358 de
2071 1324 2217 1367 Wazan‚

350 1387 463 1431 pueris
501 1389 533 1418 et
571 1384 751 1418 heredibus
789 1388 891 1431 ipsius
929 1388 1014 1419 iusto
1051 1385 1261 1420 vendicionis
1299 1385 1391 1419 titulo
1429 1385 1632 1419 hereditarie
1667 1385 1802 1419 vendidi
1841 1390 1874 1420 et
1900 1385 2006 1419 libere
2044 1387 2219 1430 resignavi

352 1445 462 1479 villam
493 1445 690 1491 Czernczyn
721 1457 794 1479 cum
824 1449 915 1490 agris
945 1446 1040 1480 cultis
1070 1451 1102 1480 et
1130 1446 1260 1480 incultis
1289 1449 1448 1492 pomeriis
1477 1446 1603 1480 rubetis
1631 1449 1765 1492 pascuis
1784 1445 1992 1480 libertatibus
2013 1449 2046 1479 et
2065 1444 2218 1479 omnibus

351 1509 565 1552 pertinenciis
595 1511 627 1540 et
655 1507 848 1541 utilitatibus
877 1508 916 1541 ad
947 1511 1051 1554 ipsam
1081 1508 1193 1542 villam
1224 1507 1450 1554 spectantibus
1479 1510 1511 1540 in
1549 1510 1617 1541 suis
1645 1506 1801 1541 limitibus
1831 1511 1864 1540 et
1892 1509 1989 1541 metis
2016 1506 2115 1552 pleno
2141 1507 2218 1550 jure

352 1571 381 1599 et
412 1567 569 1611 dominio7
599 1570 683 1601 sicut
713 1580 777 1613 ego
808 1571 879 1614 ipse
909 1568 1109 1602 antedictam
1137 1569 1249 1602 villani
1280 1571 1370 1602 tenui
1400 1572 1430 1601 et
1460 1567 1607 1614 possedi,
1637 1567 1736 1601 nichil
1762 1569 1848 1611 juris
1877 1578 1937 1602 seu
1958 1567 2093 1601 dominii
2119 1565 2219 1600 michi

350 1632 381 1660 et
413 1630 494 1661 meis
524 1627 703 1662 heredibus
734 1631 765 1662 in
795 1629 920 1663 eisdem
950 1628 1045 1663 bonis
1075 1629 1280 1675 relinquens,
1310 1640 1370 1674 pro
1401 1628 1599 1674 quindecein
1630 1631 1750 1662 marcis
1780 1639 1979 1673 grossorum
2001 1630 2216 1674 pragensium

352 1691 513 1721 moravici
542 1692 733 1734 pagamcnti
763 1694 795 1723 et
822 1693 965 1732 numeri,
995 1701 1076 1735 quas
1106 1689 1146 1723 ab
1176 1693 1247 1735 ipso
1276 1692 1412 1736 percepi
1443 1692 1474 1722 111
1503 1693 1617 1735 parata
1647 1688 1733 1722 bona
1764 1691 1905 1734 pecunia
1934 1691 2065 1733 integre
2094 1698 2218 1721 nume-

351 1753 450 1781 ratas.
507 1749 581 1795 Ipsa
620 1760 751 1795 quoque
780 1750 866 1784 bona
897 1762 969 1784 cum
1001 1750 1153 1785 omnibus
1183 1754 1251 1785 suis
1276 1749 1407 1795 juribus
1445 1754 1475 1783 et
1505 1752 1720 1795 pertinenciis
1750 1752 1781 1782 in
1811 1752 1964 1795 proximo
2008 1749 2217 1782 dominorum

352 1809 517 1854 colloquio
546 1813 577 1843 in
608 1810 742 1844 Brunna
772 1816 827 1844 aut
855 1814 887 1844 in
917 1815 1080 1857 sequenti,
1111 1812 1186 1845 dum
1217 1815 1357 1857 primum
1388 1810 1498 1844 tabule
1527 1815 1616 1844 terre
1647 1809 1769 1843 fuerint
1799 1814 1926 1855 aperte,
1956 1821 2023 1844 non
2052 1809 2218 1854 inbrigata

351 1869 408 1903 sed
439 1873 572 1903 omnino
603 1870 753 1904 libertata
784 1871 845 1906 sibi
867 1871 1027 1917 Pabyano
1049 1877 1080 1905 et
1101 1871 1280 1906 heredibus
1301 1875 1368 1906 suis
1389 1870 1574 1905 intabulare
1608 1870 1800 1904 hereditare
1821 1873 2040 1917 appropriare
2060 1869 2218 1904 libertare

351 1931 531 1964 secundum
557 1933 612 1975 jus
642 1936 732 1965 terre
749 1932 936 1977 ‹lisbrigare
966 1937 995 1966 et
1026 1944 1042 1966 a
1074 1932 1219 1978 quolibet
1249 1932 1383 1966 homine
1412 1932 1573 1978 spirituali
1602 1936 1634 1965 et
1654 1931 1797 1965 seculari
1827 1930 2009 1965 christiano
2031 1931 2085 1965 vel
2100 1931 2218 1975 judeo,

352 2002 409 2024 cos
439 1994 574 2025 racione
604 1992 765 2026 dictorum
796 1992 959 2027 bonorum
985 1994 1061 2037 jure
1091 1998 1180 2027 terre
1206 1997 1386 2040 inpetente,
1426 2005 1486 2039 per
1515 1997 1582 2027 tres
1612 2004 1716 2026 annos
1747 1991 1928 2037 exbrigare
1958 1995 2041 2026 meis
2074 1994 2219 2038 propriis

350 2051 472 2096 fatigiis
503 2057 533 2085 ct
563 2053 745 2099 sumptibus
771 2055 860 2097 juste
890 2058 1009 2088 teneor
1039 2059 1069 2088 et
1099 2057 1255 2101 promitto
1286 2066 1359 2088 mea
1388 2053 1475 2087 bona
1506 2052 1582 2087 fide.
1612 2052 1682 2086 Nos
1712 2064 1843 2098 quoque
1861 2052 2015 2086 Matheus
2036 2055 2218 2087 canonicus

351 2112 494 2146 ecclesie
525 2114 758 2149 Olomucensis
788 2115 828 2148 dc
859 2115 1048 2160 Sternberg
1077 2116 1158 2149 alias
1188 2116 1227 2149 dc
1257 2115 1394 2158 Lucaw,
1425 2114 1579 2149 IIerscho
1610 2113 1769 2147 Smetana
1800 2113 1840 2147 dc
1861 2112 2022 2156 Medriez‚
2051 2112 2218 2147 IIenricus

351 2172 391 2205 de
420 2172 491 2219 Zop
521 2178 551 2207 et
581 2173 705 2208 Mixico
736 2175 776 2208 de
805 2175 962 2211 Milczan.
992 2176 1208 2210 fideiussores
1237 2187 1296 2222 pro
1327 2176 1476 2221 predicto
1506 2175 1639 2209 domino
1668 2174 1822 2208 Johanne
1852 2178 1883 2208 et
1913 2176 2080 2220 cumipse
2101 2184 2218 2208 omnes

351 2235 494 2277 quinque
533 2234 707 2268 insolidum
738 2237 828 2279 juste
868 2240 1021 2270 tenemur
1059 2241 1089 2270 et
1127 2236 1213 2269 bona
1255 2240 1368 2270 nostra
1398 2235 1461 2270 side
1492 2247 1589 2269 manu
1619 2238 1795 2269 coniuncta
1824 2234 1968 2269 indivise
1997 2237 2218 2281 promittimus

352 2292 507 2337 Fabiano,
547 2298 659 2340 pueris
699 2301 730 2329 et
768 2296 948 2331 heredibus
987 2300 1090 2343 ipsius
1129 2301 1157 2330 et
1189 2297 1227 2330 ad
1257 2297 1371 2331 fideles
1402 2308 1517 2330 manus
1545 2296 1706 2330 Mixiconi
1737 2300 1767 2329 ct
1797 2295 1961 2329 Zdinkoni
1991 2294 2148 2330 fratribus
2177 2294 2218 2328 de

354 2353 493 2397 Wuzan7
525 2355 703 2389 chzlzoni
734 2356 774 2390 de
805 2357 1002 2402 Opatowicz
1032 2362 1064 2391 et
1093 2356 1285 2391 Adamkoni
1315 2357 1355 2391 dc
1385 2358 1562 2391 Lowezicz
1593 2357 1673 2391 alias
1703 2357 1743 2390 dc
1763 2356 1964 2391 Medlowicz
1985 2356 2104 2391 dictam
2126 2367 2218 2391 ven-

354 2414 516 2448 dicionem
539 2421 568 2448 ct
591 2420 798 2462 empcioncm
821 2420 852 2450 in
882 2417 1035 2452 omnibus
1064 2421 1131 2452 suis
1153 2417 1299 2451 articulis
1320 2423 1349 2450 ct
1373 2421 1514 2464 punetis‚
1545 2422 1578 2451 ut
1598 2420 1807 2463 premunitum
1838 2416 2073 2452 inviolabiliter
2093 2415 2218 2451 obser-

352 2486 433 2507 vare
473 2480 501 2508 ct
542 2477 713 2522 adinplere
751 2490 823 2511 cum
865 2479 996 2522 ellectu7
1035 2478 1161 2523 absque
1200 2481 1287 2512 omni
1326 2478 1598 2512 contradiecione
1622 2478 1749 2522 judicio
1784 2481 1964 2512 occasione
1994 2477 2158 2512 dilacione
2187 2482 2218 2512 et

352 2534 437 2568 dolo.
470 2536 503 2568 Si
536 2549 616 2570 vcro
647 2538 778 2583 aliquod
808 2542 1048 2584 premissorum
1080 2550 1145 2572 non
1175 2538 1366 2582 fecerimus,
1398 2550 1477 2572 mox
1507 2539 1570 2572 duo
1601 2550 1644 2572 cx
1675 2538 1769 2572 uobis
1790 2537 2055 2581 fideiussoribus,
2084 2540 2138 2584 qui
2158 2548 2219 2584 per

353 2594 543 2639 Painanmn,
583 2609 704 2642 pucros
740 2603 793 2632 aut
831 2598 974 2633 heredes
1011 2601 1112 2645 ipsius
1142 2603 1196 2632 aut
1225 2610 1285 2644 per
1314 2599 1399 2643 illos,
1425 2599 1463 2632 ad
1495 2610 1632 2644 quoram
1664 2610 1780 2633 manus
1809 2601 2020 2645 promisimus
2056 2601 2130 2633 sive
2158 2608 2219 2644 per

353 2655 492 2700 aliquem
532 2668 574 2690 cx
613 2661 691 2703 ipsis
731 2662 843 2692 moniti
883 2659 1055 2703 fuerimus,
1095 2662 1263 2693 civitatem
1295 2659 1462 2693 Brunnam
1501 2660 1539 2693 ad
1567 2659 1780 2705 prestandum
1811 2670 1929 2693 verum
1959 2663 1992 2693 et
2019 2662 2216 2692 consuetum
