2313 3090
1199 193 1275 248 93Π

294 301 345 331 vir
374 298 525 332 dominus
553 297 773 343 Marquardus
803 299 843 332 de
872 298 1071 343 Wolfsberg
1109 303 1140 331 et
1178 299 1330 332 homines
1368 300 1416 332 sui
1446 297 1567 332 ibidem
1597 297 1722 332 hahere
1752 299 1968 332 dinoscuntur
1997 302 2029 331 et
2057 300 2154 342 prout

293 370 393 405 super
422 359 537 392 iisdem
567 363 663 393 tenor
691 360 785 393 litere
815 360 953 405 predicti
984 360 1105 392 domini
1135 358 1270 392 Henrici
1300 357 1403 392 lacius
1432 358 1706 404 compreliendit;
1735 361 1813 392 item
1838 360 1963 392 curiam
1983 357 2153 392 Dworcze

294 424 513 465 nuncupatam
551 431 656 466 prope
692 419 793 454 Gelcz
832 425 863 453 et
901 420 1081 454 desolatam
1116 431 1178 453 nec
1208 428 1273 452 non
1302 421 1411 451 omnia
1450 423 1483 451 et
1511 419 1641 463 singula
1670 419 1731 452 alia
1761 418 1847 452 bona
1877 418 1991 461 silvas,
2018 420 2093 462 Jura
2123 421 2155 451 et

295 483 518 526 pertinencias
547 480 586 514 ad
617 480 737 514 dictum
760 481 891 526 opidum
913 480 1112 514 Mezirziecz
1142 491 1180 513 ac
1209 484 1352 513 castrum
1384 478 1616 513 Arnoltowicz
1653 482 1843 524 spectancia
1882 483 1914 512 et
1951 482 2154 525 spectantes,

294 545 390 586 prout
428 544 458 574 in
496 544 564 574 suis
603 546 677 574 sunt
714 544 819 579 metis,
860 540 1013 574 limitibus
1051 545 1149 585 atque
1184 542 1343 583 greniciis
1382 540 1737 573 circumferencialiter
1773 540 1923 573 distincta
1961 542 2086 585 pariter
2124 543 2157 572 et

295 602 413 644 locata,
443 600 547 634 libere
577 601 716 635 dederit.
747 602 932 645 donaverit,
964 603 1189 645 resignaverit
1209 604 1241 633 et
1260 599 1444 642 tradiderit,
1474 600 1583 646 ibique
1604 603 1635 634 in
1658 604 1843 634 contestato
1859 600 1985 644 judicio
2006 600 2153 640 donavit.

296 664 477 707 resignavit
517 667 548 695 et
585 673 748 708 expresse
787 662 874 695 dedit
903 666 934 695 et
975 662 1110 695 realiter
1139 661 1270 694 tradidit
1299 663 1331 694 in
1359 663 1608 706 possessionem
1639 665 1671 694 et
1698 665 1896 706 potestatem
1926 660 2003 694 dicti
2032 660 2156 694 domini

295 724 441 768 episcopi
472 727 504 755 et
532 722 676 756 ecclesie
706 733 908 767 suorumque
938 732 1187 763 successorum,
1217 732 1256 754 ac
1285 721 1382 767 pleno
1409 722 1486 765 jure
1516 726 1548 755 et
1577 722 1722 755 dominio
1760 723 1792 754 in
1830 721 1966 755 eosdem
1992 721 2157 755 transtulit

295 787 325 815 et
354 782 486 826 redegit
514 793 587 815 cum
618 786 709 828 agris
739 782 833 816 cultis
863 786 895 815 et
923 782 1064 825 incultis,
1097 781 1202 823 silvis,
1232 781 1369 824 rubetis,
1399 781 1603 825 nemoribus,
1633 784 1777 828 pascuis,
1807 784 1901 827 aquis
1930 786 1962 815 et
1995 791 2154 826 aquarum

296 842 501 877 decursibus.
545 842 744 877 fluminibus.
789 843 916 881 rivulis,
960 842 1138 886 montibus,
1182 842 1336 886 vallibuS,
1375 842 1628 886 venacionibus,
1671 845 1818 888 piscinis,
1863 840 2155 888 aucupacionibus,

295 903 502 946 molendinis,
541 914 614 936 eum
653 904 791 948 singulis
831 915 945 936 eorum
990 903 1195 944 utilitatibus„
1242 902 1458 947 libertatibus,
1497 903 1697 947 hominibus,
1736 902 1903 947 censibus,
1947 901 2073 936 robotis
2115 902 2156 936 ad

294 964 442 1009 predicta
472 963 557 996 bona
587 964 823 1009 spectantibus.
854 968 887 997 ut
915 963 1094 1009 prefertur,
1134 963 1212 997 nihil
1244 965 1329 1007 juris
1365 968 1421 997 aut
1457 967 1605 998 accionis
1640 963 1713 1007 sibi,
1753 963 1933 997 heredibus
1971 974 2011 996 ac
2039 973 2154 997 eorum

294 1024 547 1058 successoribus
576 1027 607 1057 in
638 1024 823 1059 huiusmodi
853 1024 1051 1065 hominibus,
1081 1024 1351 1070 possessionibus
1381 1029 1412 1058 et
1442 1024 1537 1058 bonis
1566 1036 1605 1058 ac
1629 1027 1844 1071 pertinenciis
1865 1023 2046 1058 eorundem
2068 1033 2156 1057 nunc

294 1090 326 1119 et
361 1088 565 1130 inposterum
600 1085 820 1123 reservando.
856 1096 916 1130 per
954 1085 1073 1118 dictum
1112 1085 1279 1119 dominum
1310 1084 1482 1119 Nicolaum
1522 1088 1714 1131 episcopum
1749 1085 1893 1119 ecclesie
1923 1084 2156 1119 Olomucensis

295 1150 327 1179 et
356 1156 435 1179 suos
455 1156 672 1179 successores
694 1146 848 1188 tenenda,
877 1145 1038 1185 habenda,
1059 1146 1259 1189 utifruenda,
1289 1146 1456 1180 servanda
1477 1146 1691 1190 hereditarie,
1721 1149 1844 1191 quiete,
1873 1144 2024 1192 pacifice,
2052 1144 2157 1179 libere

295 1211 326 1240 et
354 1210 515 1252 perpetue
544 1206 756 1252 possidenda.
789 1206 1000 1239 Presentibus
1039 1206 1172 1240 domino
1200 1206 1403 1252 Marquardo
1434 1206 1474 1240 de
1502 1205 1715 1251 Wolfsberg,
1750 1206 1930 1240 Cunczone
1959 1206 2000 1240 de
2030 1205 2156 1249 Smola‚

296 1267 427 1301 Dirslao
467 1267 507 1300 de
536 1266 834 1310 Wschechowicz,
874 1266 1040 1311 Gregorio
1069 1266 1250 1301 Mazanecz
1280 1267 1320 1301 de
1349 1267 1501 1311 Barzicz,
1537 1267 1683 1301 Henrico
1713 1267 1754 1301 de
1783 1267 2028 1311 Arnoltowicz,
2057 1266 2157 1301 Petro

295 1328 336 1361 de
374 1328 571 1371 Petrswald,
608 1327 737 1361 Jodoco
776 1328 938 1361 marsalco
975 1327 1015 1361 de
1044 1327 1254 1373 Wolfsberg,
1295 1327 1523 1362 Schonwaldo
1553 1328 1594 1362 de
1623 1328 1846 1371 MosezenicZ,
1885 1328 2087 1373 Marquardo
2116 1327 2158 1362 de

297 1387 456 1433 Medricz7
481 1388 671 1422 Pawlicone
692 1389 732 1422 de
754 1388 990 1430 Schenowicz,
1010 1389 1176 1423 Hanussio
1197 1388 1326 1423 Zakess
1347 1389 1388 1423 de
1409 1389 1553 1432 Keczer,
1582 1389 1733 1424 Jarossio
1754 1389 1794 1423 de
1813 1388 1945 1432 Melicz,
1974 1387 2157 1423 Pessicone

294 1449 335 1481 de
378 1448 586 1494 Opatowiez,
630 1449 854 1495 Haynussone
897 1450 936 1482 de
979 1449 1187 1494 Byelowiez.
1230 1449 1384 1484 Johanne
1426 1450 1562 1487 Kirlicz.
1604 1450 1735 1484 Peslino
1778 1450 1818 1483 de
1858 1448 2082 1484 Czechowicz
2124 1454 2157 1484 et

296 1508 442 1543 Jescone
472 1510 512 1543 de.
541 1509 685 1543 Turzan.

607 1611 800 1651 (Kreinsierer
825 1616 1073 1648 Lehenspuhoneu
1100 1616 1122 1644 I.
1149 1615 1169 1642 f.
1198 1612 1262 1653 77.)

1186 1761 1289 1796 115.

296 1837 464 1871 Nilwlaus
494 1837 644 1882 Bisclmf
668 1850 730 1871 eron
763 1838 894 1871 Olnm‘tz
926 1839 1124 1883 vet-spriclzt,
1156 1840 1218 1873 das
1251 1840 1315 1872 Gal
1345 1839 1581 1873 Komaroeoitz
1610 1840 1717 1874 durch
1745 1839 1835 1873 Jahr
1872 1840 1941 1873 med
1979 1823 2052 1883 Tap
2090 1849 2156 1872 von

547 1898 636 1931 aller
666 1899 874 1942 Auspraelee
905 1911 943 1932 zu
973 1899 1137 1943 besmlen.
1171 1900 1228 1934 Dt.
1262 1900 1440 1934 Kremseter
1471 1899 1530 1934 18.
1562 1900 1756 1934 December
1788 1900 1897 1934 1392.

452 1973 627 2027 Nicotaus
657 1999 720 2027 etc.
741 1995 995 2028 notuml'aeimus
1026 2000 1088 2029 etc.
1120 1996 1214 2037 Quod
1241 1996 1326 2029 bona
1348 1995 1595 2030 deliberacione
1616 2000 1648 2029 et
1668 2001 1797 2029 maturo
1818 1997 1957 2030 consilio
1976 1995 2159 2042 prehabitis

294 2053 380 2087 bona
411 2054 646 2088 Comarowicz
684 2066 701 2087 a
740 2055 834 2089 nobis
872 2058 903 2088 in
944 2056 1075 2089 feudum
1107 2056 1347 2102 dependencia,
1385 2068 1449 2102 que
1478 2061 1633 2091 strenuus
1663 2060 1715 2090 vir
1743 2057 1896 2092 dominus
1925 2056 2089 2091 Henricus
2118 2057 2159 2091 de

295 2115 528 2149 Arnoltowicz
565 2115 694 2149 famoso
732 2115 920 2149 Herschoni
952 2116 1085 2149 Swiecz
1124 2117 1164 2150 de
1199 2116 1317 2151 Denka
1356 2122 1389 2151 et
1425 2121 1492 2151 suis
1523 2117 1702 2152 heredibus
1736 2117 1982 2152 racionabiliter
2010 2118 2160 2152 vendidit

295 2180 327 2208 et
355 2178 553 2219 resignavit.
584 2178 721 2221 ipsaque
752 2175 836 2209 bona
867 2176 1100 2210 Comarowicz
1135 2189 1212 2211 cum
1243 2178 1395 2212 omnibus
1432 2182 1501 2212 suis
1532 2178 1662 2222 juribus
1701 2183 1733 2212 et
1756 2181 1971 2224 pertinenciis
2009 2179 2161 2225 predicto

294 2235 483 2270 llerschoni
514 2241 545 2269 ct
574 2239 642 2270 suis
673 2235 852 2270 heredibus
882 2248 941 2282 per
970 2242 1116 2283 spacium
1149 2242 1243 2273 nnius
1273 2242 1348 2273 anni
1379 2244 1411 2272 et
1441 2240 1516 2279 diei,
1546 2245 1580 2273 nt
1609 2244 1659 2273 est
1682 2241 1738 2283 jus
1773 2239 1917 2283 feudale,
1956 2251 1973 2272 a
2015 2239 2161 2284 qualibet

295 2299 507 2341 impeticione
537 2308 576 2329 ac
607 2297 843 2343 impedimento
861 2297 1049 2337 disbrigare
1078 2301 1281 2343 gwaradare
1311 2305 1342 2333 et
1372 2300 1512 2333 fideliter
1542 2300 1723 2345 exbrigarc
1744 2302 1977 2345 promittimus,
1999 2298 2159 2334 debemus

297 2357 449 2390 volumus
479 2361 511 2390 et
540 2361 693 2390 tenemur
723 2357 838 2390 frande
869 2362 900 2391 et
930 2358 1005 2391 dolo
1035 2359 1233 2403 quilmslibet
1264 2361 1489 2406 procnlmotis.
1521 2360 1590 2395 Nos
1618 2372 1750 2406 quoque
1771 2359 1958 2405 Gregorius
1977 2360 2160 2394 Mazanecz

295 2416 335 2449 de
365 2416 494 2459 Baricz,
526 2417 642 2451 Petrus
672 2417 819 2451 Meisner
848 2418 888 2451 de
918 2418 1125 2452 Peterswald
1157 2421 1287 2464 milites,
1319 2421 1452 2455 Cunczo
1482 2422 1522 2455 de
1552 2421 1678 2461 Smalli,
1708 2421 1856 2455 Jodocus
1886 2421 1926 2455 de
1946 2420 2157 2465 Wolfsberg,

295 2475 455 2510 Hensliko
501 2478 541 2511 de
580 2478 808 2512 Cowalowicz
854 2483 886 2512 et
933 2479 1172 2513 Woiczecliius
1219 2482 1259 2514 de
1305 2482 1483 2516 Mallioticz
1532 2482 1746 2516 fideiussores
1789 2492 1849 2527 pro
1892 2482 1979 2515 dicto
2026 2481 2160 2515 domino

296 2535 434 2569 Nicolao
465 2539 856 2583 episcopoOlomuccnsi
886 2543 918 2572 et
947 2550 1020 2572 enm
1051 2542 1122 2585 ipso
1152 2552 1268 2574 omnes
1298 2545 1327 2575 in
1358 2543 1498 2576 solidum
1530 2545 1613 2576 iuste
1644 2547 1808 2585 tenemur,
1838 2542 1923 2576 bona
1953 2546 2066 2576 nostra
2096 2541 2160 2576 fide

296 2608 392 2629 manu
424 2601 597 2631 coniuncta
629 2599 771 2632 indivise
800 2602 1020 2645 promittimus
1050 2601 1179 2645 prefato
1211 2602 1398 2636 llerschoni
1430 2608 1463 2636 et
1492 2605 1559 2637 suis
1579 2602 1758 2637 heredibus
1779 2603 1818 2636 ad
1840 2602 2024 2636 eorundem
2045 2601 2160 2636 fideles

297 2667 412 2689 manus
441 2657 610 2702 Tnpczoni
641 2659 681 2692 (le
711 2658 828 2693 Denka
858 2664 890 2693 et
918 2659 1045 2693 Jacobo
1075 2660 1279 2695 Cuniczkoni
1309 2664 1349 2697 de
1379 2664 1471 2700 Prus.
1500 2667 1608 2697 onmia
1647 2667 1808 2709 premissa
1843 2666 1875 2697 in
1914 2663 2052 2708 singulis
2090 2665 2159 2697 suis
