2313 3090
1160 183 1235 216 444

268 286 419 319 werden.
478 286 523 319 Er
559 286 683 320 fordert
723 286 826 319 daber
864 287 916 319 die
956 286 1174 320 Secbssta'dte
1213 287 1275 320 und
1316 287 1519 321 namentlich
1558 287 1666 321 Zittau
1706 288 1773 323 auf.
1818 288 1877 321 das
1918 287 2057 322 Schloss
2096 300 2137 322 zu

267 346 426 391 belagern
464 347 529 380 und
568 347 641 380 falls
680 350 727 380 sie
767 358 802 380 es
842 346 998 382 erobern.
1044 359 1084 380 zu
1125 347 1351 392 „brecheu
1390 348 1471 381 und
1501 349 1745 393 grundlich
1777 349 2056 382 verstoren“.
2090 369 2136 373 —

266 408 318 441 Di.
351 407 438 452 Prag
467 419 517 440 am
548 407 708 452 Montage
738 407 821 441 nach
854 419 880 440 s.
912 406 1059 441 Thomas
1090 408 1148 442 des
1178 408 1351 453 Aposiels,
1382 420 1469 443 anno
1499 409 1623 443 domini
1656 410 1764 443 1398.

576 510 677 550 (Gedr.
704 513 730 537 in
757 513 890 546 Carpzov
915 514 1021 540 Annal.
1047 515 1125 539 Fast,
1151 514 1369 540 Zittaviensium
1395 514 1417 542 Ι,
1445 524 1471 548 p,
1500 516 1586 549 169.)

1145 660 1254 697 502.

272 735 411 768 johann
451 735 601 780 Biseltof
632 748 693 769 ron
734 737 866 770 Olmzitz-
894 741 1059 781 qestaltet
1087 740 1161 772 [lem
1194 739 1368 773 Olmvitz-er
1400 740 1596 774 Canom'cus
1627 740 1744 774 Lac-ek
1775 752 1836 774 eon
1869 741 2024 783 Κναυάιῖ,
2055 741 2138 775 dass

267 809 305 830 er
335 796 569 830 embeselzadet
597 798 711 830 sedne-s·
736 798 1002 842 praester-lichen
1028 798 1182 833 Stamles
1202 801 1257 833 (lie
1276 801 1366 834 nacla
1386 803 1514 835 semem
1542 801 1648 835 Valet·
1666 801 1831 845 (Jeerbten
1852 813 1893 835 zu
1915 801 2137 835 Alttitschein

367 858 556 902 (selem-cycli
588 858 701 892 Leleen
731 861 789 892 mil
818 861 943 893 semem
977 859 1115 893 Breader
1152 860 1222 894 Vols
1250 860 1400 896 besilz-en
1431 862 1543 907 (larse.
1576 862 1634 896 Dt.
1667 862 1783 895 Mil-au
1815 861 1914 896 1398
1942 874 1969 896 s.
2000 863 2031 896 d.

422 935 617 988 Johannes
659 955 712 989 dei
754 959 868 1000 gracia
912 959 1091 1002 episcopus
1136 956 1369 991 Olomucensis
1414 964 1526 991 notum
1571 958 1711 992 facimus
1759 963 1877 992 tenore
1924 961 2136 1004 presencium

264 1018 444 1049 universis.
493 1015 588 1057 Quod
619 1016 823 1050 honorabilis
852 1020 904 1050 vir
933 1017 1085 1051 dominus
1115 1018 1247 1051 Laczko
1277 1018 1317 1052 de
1347 1018 1500 1054 Crawar.
1544 1022 1727 1053 canonicus
1757 1018 2004 1062 Olomucensis‚
2032 1018 2138 1053 frater

271 1082 386 1110 noster
422 1080 625 1113 carissimus,
670 1080 700 1110 in
739 1083 852 1111 nostra
892 1082 1089 1112 constitutus
1128 1082 1304 1124 presencia
1343 1083 1527 1125 proposuit,
1572 1080 1714 1125 qualiter
1749 1091 1809 1125 per
1847 1079 1934 1113 hone
1974 1083 2137 1114 memorie

266 1137 385 1171 nobilis
415 1139 579 1183 quondam
611 1139 733 1172 domini
764 1138 953 1173 VVockonis
983 1140 1024 1173 de
1053 1138 1196 1174 Crawar
1226 1141 1347 1174 domini
1369 1144 1400 1174 in
1422 1140 1575 1186 Titczyn„
1597 1144 1700 1187 patris
1721 1144 1772 1174 sui
1794 1145 1935 1174 mortem
1956 1141 2137 1174 dominium

268 1199 408 1245 Titczyn
447 1211 520 1233 cum
559 1203 678 1233 castris
717 1200 961 1234 municionibus
1000 1201 1087 1234 villis
1123 1202 1246 1247 prediis
1284 1201 1380 1235 bonis
1419 1201 1576 1235 censibus
1614 1201 1836 1247 proventibus
1877 1205 1909 1235 et
1944 1200 2136 1235 utilitatibus

268 1263 434 1293 universis
463 1261 502 1293 ad
533 1271 606 1293 eum
638 1265 670 1294 et
699 1261 738 1294 ad
770 1260 913 1294 nobilem
946 1261 1082 1295 fratrem
1113 1273 1206 1296 suum
1239 1264 1406 1297 dominum
1437 1262 1653 1297 VVockonem
1685 1263 1725 1297 de
1755 1262 1897 1297 Crawar
1926 1265 1968 1296 sit
1986 1262 2136 1308 legitime

271 1324 342 1354 iure
372 1321 575 1355 hereditario
606 1322 810 1355 devolutum.
867 1321 1018 1368 Cumque
1047 1326 1135 1357 inter
1164 1324 1249 1357 dicta
1280 1323 1366 1357 bona
1396 1327 1443 1358 sic
1474 1324 1630 1358 devoluta
1661 1324 1804 1369 quedam
1835 1327 1900 1358 sint
1929 1323 2074 1358 feudalia
2104 1328 2137 1357 et

267 1393 284 1415 a
315 1381 410 1415 nobis
446 1387 478 1415 et
506 1382 648 1416 ecclesia
679 1387 793 1417 nostra
824 1382 1039 1418 Olomucensi
1070 1385 1280 1430 dependeant
1310 1388 1341 1418 in
1372 1384 1505 1418 feodum
1536 1385 1679 1418 militare
1709 1390 1742 1418 et
1770 1388 1841 1430 ipse
1870 1388 1902 1418 in
1931 1384 2134 1419 sacerdotali

266 1443 425 1487 dignitate
455 1446 651 1477 constitutus
681 1448 822 1478 existat:
866 1450 1071 1491 quapropter
1101 1446 1270 1480 humiliter
1298 1445 1393 1479 nobis
1424 1450 1454 1479 et
1485 1445 1608 1479 devote
1638 1446 1849 1492 supplicavit,
1880 1450 2044 1491 quatenus
2074 1445 2137 1480 sibi

269 1504 308 1537 de
347 1507 462 1548 gracia
501 1505 639 1549 speciali
677 1505 853 1550 indulgere
891 1507 1120 1550 dignaremur.
1164 1506 1251 1552 quod
1282 1506 1368 1540 dicta
1399 1506 1508 1541 feoda.
1555 1510 1585 1540 ei
1615 1510 1835 1553 conpetencia
1865 1518 1909 1540 ex
1938 1509 2136 1541 sucessione

269 1570 419 1611 paterna,
463 1565 589 1599 habere
627 1570 743 1600 tenere
782 1566 974 1611 gubernare
1011 1568 1091 1601 dare
1129 1567 1280 1601 vendere
1321 1571 1498 1613 resignare
1537 1579 1580 1601 ex
1610 1573 1702 1602 certa
1732 1573 1847 1602 nostra
1877 1572 2136 1613 nostrorumque

267 1638 499 1660 successorum
539 1630 684 1660 sciencia
722 1633 754 1661 et
790 1628 974 1671 voluntate„
1018 1628 1145 1674 absque
1174 1633 1285 1662 tamen
1316 1629 1500 1674 preiudicio
1529 1634 1644 1663 nostre
1675 1629 1821 1663 ecclesie
1851 1634 1950 1674 atque
1980 1628 2136 1674 dampno,

266 1688 354 1721 licite
384 1688 492 1721 valeat
522 1700 582 1734 pro
612 1700 671 1722 sue
700 1689 792 1723 libito
821 1690 1015 1725 voluntatis.
1058 1690 1176 1724 ordine
1205 1690 1406 1724 sacerdotali
1437 1690 1587 1735 predicto
1617 1700 1682 1723 nou
1713 1689 1878 1723 obstante.
1935 1688 2007 1724 Nos
2035 1692 2137 1734 igitur

266 1752 326 1782 rite
365 1750 617 1783 considerantes
655 1750 858 1796 legalitatem
890 1751 1012 1785 domini
1042 1751 1228 1785 Laczkonis
1258 1756 1290 1785 et
1319 1750 1542 1784 racionabiles
1573 1762 1693 1796 preces
1723 1761 1811 1795 suas,
1856 1761 1914 1784 eas
1944 1750 2137 1784 admisimus

268 1812 382 1854 eisque
423 1815 571 1844 nostrum
616 1822 816 1846 consensum
861 1812 1057 1846 adhibemus
1101 1824 1159 1858 per
1197 1816 1372 1858 presentes
1409 1816 1575 1857 tamquam
1616 1811 1705 1845 feodi
1745 1812 1910 1853 dominus5
1955 1810 2015 1846 sihi
2054 1822 2134 1846 sana

269 1870 516 1904 deliberacione
545 1872 717 1917 preliabita
748 1874 787 1907 de
817 1878 909 1907 certa
939 1879 1051 1907 nostra
1082 1877 1227 1907 sciencia
1257 1873 1481 1918 indulgentes,
1504 1877 1536 1906 ut
1558 1872 1643 1906 dicta
1666 1872 1751 1906 bona
1774 1872 1917 1906 feudalia
1939 1875 1970 1906 in
1992 1871 2135 1918 quibus—

267 1943 397 1976 cunque
426 1935 529 1965 ‹=(·iaiu
561 1936 756 1977 consistant„
786 1933 912 1968 habere
942 1939 1058 1968 tenere
1087 1934 1280 1980 gubernare
1310 1934 1390 1967 dare
1420 1933 1570 1967 vendere
1601 1936 1778 1978 resignare
1808 1944 1867 1967 seu
1897 1933 2024 1967 donare
2046 1933 2135 1967 licite

267 1995 366 2037 possit
398 1997 429 2025 et
458 1994 577 2032 valeat,
610 1994 770 2039 dignitate
800 1994 1000 2029 sacerdotali
1031 1998 1194 2041 premissa
1225 2006 1290 2028 11011
1320 1994 1494 2035 obstante;
1525 1994 1628 2028 salvis
1650 1998 1759 2028 tamen
1780 1993 1906 2027 iuribus
1929 1998 1961 2027 et
1980 1996 2136 2028 serviciis

267 2052 363 2086 nohis
392 2058 424 2086 et
453 2054 597 2088 ecclesie
628 2055 842 2090 olomucensi
873 2058 913 2090 de
943 2057 1069 2090 eisdem
1103 2056 1196 2090 bonis
1226 2055 1345 2089 debitis
1375 2060 1406 2089 et
1436 2058 1618 2089 consuetis.
1650 2054 1864 2088 Presencium
1895 2054 1955 2088 sub
1984 2065 2135 2101 appenso

270 2114 377 2159 sigillo
407 2120 521 2148 nostro
553 2119 741 2150 testimonio
772 2117 956 2151 literarum.
1013 2118 1133 2151 Datum
1164 2117 1295 2151 Meraw
1324 2127 1410 2150 anno
1440 2116 1563 2149 domini
1595 2114 1715 2149 MCCC
1745 2118 1969 2160 nonagesimo
1999 2120 2134 2150 octavo.

578 2221 769 2252 (Krmnsieror
794 2223 1031 2257 Leliensquatprn
1056 2224 1094 2251 II.
1120 2232 1147 2256 1¹.
1176 2223 1258 2257 134.)

1149 2369 1257 2404 5⁰3.

267 2445 388 2489 Hynels
419 2457 481 2478 ron
512 2445 693 2480 lfaemmsstz-
725 2448 883 2492 rerltaufl
911 2450 1028 2481 semen
1068 2447 1290 2481 Verumtamen
1324 2446 1397 2493 l¹s2
1428 2446 1546 2480 Lalme
1567 2448 1597 2479 ιή
1620 2446 1803 2480 Rae-omits
1819 2448 1879 2491 fiir
1897 2447 1982 2491 fans
1995 2444 2137 2479 Scltock

791 2509 925 2553 Prayer
957 2509 1140 2543 Grosclzen.
1176 2508 1232 2543 Dt.
1267 2508 1365 2542 1398
1394 2520 1421 2541 s.
1453 2509 1472 2542 ί.
1506 2512 1538 2541 et
1568 2509 1599 2542 d.

423 2583 605 2638 Novormt
635 2609 795 2647 universi,
827 2606 912 2651 quod
944 2617 1009 2651 ego
1040 2606 1159 2647 Hinco‚
1190 2605 1355 2651 quondam
1387 2608 1483 2637 natus
1514 2603 1681 2637 Buskonis
1703 2603 1744 2638 de
1764 2603 1982 2646 Raczowtoz,
2004 2606 2134 2636 maturo

267 2665 441 2710 prehabito
489 2665 628 2698 consilio
666 2667 804 2700 altorum
845 2667 987 2700 medium
1025 2667 1155 2700 laneum
1197 2677 1346 2700 meorum
1385 2676 1543 2709 agrorum
1584 2665 1705 2699 ibidem
1744 2667 1776 2698 in
1814 2663 2019 2698 Raczowicz
2057 2672 2130 2696 cum
