2313 3090
1165 187 1238 222 236

261 300 427 343 savorem,
459 310 565 344 eaque
582 301 705 341 omnia,
736 307 799 340 que
829 298 860 329 in
890 306 1032 339 gravem
1064 297 1170 327 eciam
1193 293 1306 327 divine
1328 296 1510 328 maiestatis
1532 294 1706 337 offensam,
1733 297 1920 327 animarum
1941 293 2139 340 periculum,

263 361 493 395 ecclesiastice
522 359 683 393 libertatis
713 361 939 402 contemptum
971 360 1001 389 et
1032 355 1250 401 plurimorum
1289 354 1484 388 scandalum
1524 355 1647 389 cedere
1684 356 1914 398 dinoscuntur„
1952 357 1983 388 iu
2013 354 2141 388 diocesi

263 426 447 456 memorata
477 424 525 454 sie
556 424 629 453 sunt
660 421 803 459 notoria,
834 420 882 450 sic
911 427 950 450 ea
980 415 1111 462 publica
1141 415 1228 449 fama
1259 415 1407 460 divulgat
1438 419 1555 461 sicque
1577 419 1698 450 nociva
1720 416 1900 462 proedolor
1921 418 2139 461 experiencia

264 482 465 517 manifestat.
497 481 582 526 quod
615 481 906 523 tergiversacione
937 477 1044 522 aliqua
1075 480 1244 521 nequeunt
1273 476 1446 521 occultari.
1491 475 1673 523 Cupientes
1703 480 1804 522 igitur
1833 476 1910 510 buic
1939 476 2069 519 morbo,
2098 487 2141 510 ne

264 556 325 591 per
362 555 474 577 moras
511 547 696 586 temporum
736 539 843 573 factus
881 541 1038 572 cronicus
1076 537 1223 571 fomenta
1261 541 1396 583 respuat
1438 537 1615 582 medicine,
1654 542 1852 584 oportunam
1892 542 1924 571 et
1953 547 2139 582 congruam

265 604 424 639 adhibere
454 602 627 640 medelam,
650 601 851 634 discrecioni
870 604 986 634 vestre
1007 611 1067 646 per
1087 598 1271 645 apostolica
1292 601 1415 644 scripta
1437 601 1673 633 committimus
1694 604 1724 632 et
1747 598 1954 641 mandamus,
1976 602 2141 643 quatenus

264 677 327 699 vos
356 664 411 698 vel
442 663 506 696 duo
536 667 590 696 aut
621 673 705 695 unus
734 665 884 694 vestrum
916 672 975 706 per
1004 671 1067 694 vos
1096 659 1150 693 vel
1181 659 1280 693 alium
1311 670 1370 693 seu
1400 659 1483 693 alios
1513 670 1629 693 omnes
1660 665 1692 693 et
1720 659 1872 704 singulos
1902 663 1966 693 tam
1997 646 2141 692 clericos

265 737 361 772 quam
393 725 506 764 laicos,
538 726 769 767 cuiuscunque
798 726 914 764 status,
952 721 1079 755 ordinis
1118 720 1173 754 vel
1203 720 1409 754 condicionis
1439 723 1592 755 existant.
1628 720 1818 755 huiusmodi
1848 720 2050 754 clericorum
2080 730 2141 754 seu

263 787 570 821 ecclesiasticarum
600 788 632 817 et
660 783 896 828 religiosarum
926 792 1159 828 personarum.
1199 792 1235 815 se
1265 785 1299 814 ut
1319 784 1519 827 premittitur
1549 781 1675 816 bellicis
1705 781 1832 815 actibus
1854 792 1920 815 non
1940 783 2142 814 immiscen-

263 852 362 890 eium,
405 851 573 892 captores,
620 845 824 884 detentores,
862 846 993 877 carceri
1023 846 1282 888 mancipatores,
1312 842 1555 888 compulsores,
1598 842 1849 882 verberatores,
1892 841 2142 884 vulneratores,

266 912 448 948 occisores,
478 917 611 940 necnon
642 908 788 952 ipsorum
819 905 1023 938 clericorum
1057 915 1117 938 seu
1154 914 1377 950 personarum
1414 903 1718 937 ecclesiasticarum
1759 908 1790 937 et
1828 903 2064 948 religiosarum
2094 904 2143 936 sic

265 974 437 1015 captorum
468 979 528 1002 seu
559 967 768 1000 detentorum
792 970 846 999 aut
867 969 1119 999 carceratorum
1140 968 1383 1010 receptatores,
1405 964 1626 998 ecclesiarum
1648 964 1844 998 effractores
1865 968 1896 997 et
1916 963 2142 997 incendiarios

264 1043 303 1065 ac
333 1041 444 1064 rerum
476 1033 507 1062 et
535 1028 699 1062 bonorum
730 1030 762 1061 in
791 1030 870 1073 ipsis
907 1026 1061 1060 ecclesiis
1091 1029 1313 1059 existencium
1342 1025 1510 1059 violentos
1539 1025 1751 1071 spoliatores,
1777 1030 1931 1071 raptores
1952 1029 1985 1059 et
2013 1024 2142 1070 depre—

266 1093 413 1133 datores,
443 1101 577 1124 necnon
607 1089 682 1122 talia
713 1087 783 1122 fieri
814 1088 1011 1122 mandantes
1041 1098 1100 1121 seu
1129 1091 1363 1132 procurantes.
1394 1091 1448 1119 aut
1479 1097 1595 1120 eorum
1613 1089 1749 1120 nomine
1779 1097 1839 1120 seu
1869 1086 2025 1120 mandato
2054 1085 2143 1119 facta

263 1158 335 1187 rata
367 1151 528 1185 babentes
558 1155 588 1184 et
618 1155 727 1195 grata,
757 1153 872 1196 utpote
903 1151 1214 1182 excommunicatos
1244 1152 1274 1181 et
1305 1159 1321 1180 a
1353 1158 1482 1181 canone
1512 1147 1718 1192 generaliter
1746 1159 1806 1193 per
1835 1158 1954 1181 omnes
1979 1146 2143 1180 ecclesias

265 1219 295 1248 et
326 1214 411 1248 loca.
443 1215 474 1246 in
513 1211 630 1257 quibus
668 1210 831 1257 expedire
869 1209 1033 1251 videritis,
1073 1211 1271 1242 auctoritate
1309 1213 1423 1241 nostra
1454 1211 1767 1242 excommunicatos
1803 1207 1935 1254 publice
1964 1210 2142 1242 nuncietis.

265 1274 306 1309 Et
336 1277 473 1319 insuper
502 1283 620 1306 omnes
650 1277 681 1305 et
711 1271 862 1316 singulos
892 1275 957 1304 tam
987 1273 1035 1304 sic
1065 1271 1376 1303 excommunicatos
1406 1280 1423 1302 a
1454 1280 1583 1303 canone
1604 1280 1703 1314 quam
1724 1269 1914 1303 huiusmodi
1935 1271 2142 1312 monasterii,

266 1336 487 1370 ecclesiarum
518 1338 550 1368 et
570 1334 720 1367 locorum
742 1344 781 1366 ac
802 1343 1024 1378 personarum
1044 1331 1349 1365 ecclesiasticarum
1372 1335 1404 1364 et
1424 1330 1660 1375 religiosarum
1682 1330 1908 1376 predictorum
1930 1330 2143 1377 spoliatores,

266 1396 438 1437 librorum,
483 1395 661 1439 fructuum,
706 1393 894 1428 reddituum
938 1397 971 1427 et
1013 1392 1152 1426 aliorum
1196 1391 1359 1425 bonorum
1403 1390 1610 1437 prefatorum
1654 1397 1889 1437 occupatores,
1938 1391 2142 1433 detentores,

267 1462 432 1504 raptores,
463 1455 717 1502 depredatores.
748 1454 949 1488 abductores
980 1458 1010 1487 et
1040 1457 1269 1498 asportatcres
1308 1463 1442 1486 necnon
1480 1463 1550 1493 eos,
1588 1455 1643 1497 qui
1681 1452 1757 1486 talia
1787 1451 1859 1486 fieri
1894 1464 1955 1487 seu
1984 1455 2145 1486 committi

266 1519 512 1553 mandaverunt
543 1528 602 1551 seu
633 1516 798 1557 fecerunt,
829 1519 883 1548 aut
913 1526 1029 1548 eorum
1059 1517 1194 1548 nomine
1215 1525 1274 1547 seu
1296 1513 1453 1547 mandato
1474 1513 1561 1547 facta
1582 1525 1641 1547 seu
1663 1517 1843 1547 commissa
1864 1518 1936 1547 rata
1957 1513 2145 1548 habuerunt

265 1592 325 1615 seu
355 1578 488 1615 habent,
518 1581 734 1624 ipsorumque
764 1588 803 1610 ea
820 1579 1027 1621 patrancium
1049 1586 1087 1609 ac
1108 1586 1220 1608 rerum
1242 1579 1272 1608 et
1294 1573 1457 1608 bonorum
1479 1573 1667 1608 huiusmodi
1688 1577 1722 1608 in
1741 1574 1878 1620 predam
1901 1579 2144 1621 asportatores,

265 1644 497 1686 receptatores
527 1650 570 1673 ex
599 1642 693 1684 parte
722 1642 836 1671 vestra
866 1636 1072 1681 generaliter
1100 1635 1232 1682 publice
1262 1638 1293 1669 in
1323 1635 1477 1669 ecclesiis
1509 1647 1623 1669 coram
1653 1634 1785 1681 publico
1813 1647 1874 1682 per
1895 1647 1957 1670 vos
1986 1636 2042 1670 vel
2062 1636 2145 1670 alios

267 1704 443 1743 moneatis,
474 1705 506 1733 ut
536 1699 622 1733 infra
653 1703 899 1744 competentem
930 1700 1120 1731 terminum.
1151 1708 1249 1742 quem
1280 1699 1328 1730 eis
1349 1695 1566 1742 prefixeritis,
1588 1697 1778 1731 huiusmodi
1798 1702 1915 1743 captos
1935 1701 1967 1730 et
1991 1696 2145 1743 spoliata,

268 1768 374 1810 rapta,
405 1761 546 1795 abducta
577 1765 608 1794 et
637 1764 806 1806 asportata
837 1762 1012 1792 restituant
1042 1769 1101 1792 seu
1131 1758 1172 1792 de
1201 1761 1282 1804 ipsis
1312 1762 1344 1792 et
1373 1758 1445 1792 aliis
1475 1758 1515 1791 de
1545 1758 1735 1792 huiusmodi
1764 1769 1826 1804 per
1859 1769 1918 1792 eos
1955 1761 2145 1792 commissis

269 1824 414 1859 debitam
444 1822 715 1857 satisfaccionem
746 1820 950 1866 impendant,
981 1824 1013 1853 et
1042 1822 1069 1853 si
1098 1818 1183 1852 infra
1215 1819 1335 1853 dictum
1366 1822 1543 1853 terminum
1574 1819 1604 1853 id
1634 1830 1701 1853 non
1739 1819 1966 1866 impleverint,
1996 1821 2029 1853 in
2058 1819 2144 1862 illos,

268 1889 322 1931 qui
352 1885 434 1919 alias
471 1883 513 1918 ob
543 1885 707 1930 premissa
737 1894 754 1915 a
784 1884 856 1915 iure
887 1883 1170 1914 excommunicati
1202 1890 1269 1913 non
1299 1884 1386 1924 sunt,
1423 1880 1618 1925 generalem
1653 1882 2022 1914 excommunicacionis
2059 1890 2146 1914 sen-

268 1950 411 1981 tenciam
447 1945 629 1992 proferatis
667 1946 884 1989 ipsorumque
922 1944 1068 1975 omnium
1106 1941 1295 1975 huiusmodi
1333 1945 1457 1976 monita
1487 1953 1553 1976 uon
1598 1941 1824 1987 implencium,
1868 1946 1990 1984 terras,
2034 1941 2145 1987 opida,

267 2012 390 2051 castra,
421 2007 518 2041 viltas
548 2010 579 2039 et
609 2005 682 2039 loca
719 2003 891 2038 subiciatis
931 2003 1164 2036 ecclesiastico
1204 2002 1392 2036 interdicto.
1431 2002 1590 2037 Preterea
1631 2007 1696 2036 tam
1735 2002 1905 2048 predictos
1934 2014 2032 2048 quam
2062 2002 2146 2037 alios

268 2080 385 2102 omnes
415 2072 447 2102 et
476 2066 628 2112 singulos
644 2066 788 2100 clericos
818 2069 849 2099 et
878 2075 1042 2110 personas
1064 2064 1314 2097 ecclesiasticas
1335 2064 1506 2097 seculares
1528 2068 1560 2097 et
1579 2063 1768 2109 regulares,
1790 2066 1944 2107 comites,
1970 2074 2146 2110 proceres,

269 2131 427 2174 barones.
463 2122 617 2165 nobiles.‘
646 2127 765 2161 milites
804 2131 836 2161 et
871 2127 987 2163 laicos,
1027 2128 1181 2158 comunia
1221 2135 1353 2170 quoque
1391 2129 1424 2158 et
1454 2127 1692 2159 universitates
1729 2126 1914 2167 civitatum,
1944 2128 2145 2167 castrorum,

268 2192 423 2226 villarum
455 2195 486 2224 et
515 2190 655 2224 alioruin
686 2189 835 2222 locorum
866 2185 1142 2233 quorumcunque
1172 2185 1379 2230 generaliter
1408 2190 1440 2219 et
1468 2185 1600 2231 publice
1630 2185 1747 2219 eadem
1778 2187 1976 2219 auctoritate
2006 2196 2146 2219 monere

269 2255 407 2286 curetis.
437 2257 469 2284 nt
500 2263 516 2284 a
547 2250 666 2284 talibus
696 2252 832 2283 omnino
863 2249 1021 2293 deinceps
1051 2247 1251 2289 abstineant,
1291 2247 1436 2292 alioquin
1475 2251 1599 2280 extunc
1637 2249 1669 2280 in
1698 2257 1816 2280 omnes
1845 2251 1877 2280 et
1911 2246 2062 2292 singulos
2091 2249 2147 2292 qui

269 2314 344 2347 talia
375 2315 585 2346 committere
616 2316 670 2344 aut
700 2314 899 2356 attemptare
929 2311 1207 2355 presumpserint,
1231 2311 1261 2341 in
1283 2308 1472 2352 singulares
1493 2307 1621 2341 scilicet
1641 2317 1818 2352 personaS,
1839 2309 1871 2340 in
1898 2306 1960 2341 illis
1989 2307 2148 2341 videlicet

268 2373 401 2407 casibus
431 2385 475 2407 ex
511 2373 681 2419 predictiS.
712 2375 743 2405 in
774 2370 893 2417 quibus
923 2371 1315 2404 excomuiunicacionem
1356 2380 1414 2414 per
1450 2371 1513 2402 iam
1552 2368 1658 2402 editos
1695 2378 1844 2401 canones
1874 2379 1940 2402 non
1984 2367 2146 2411 subirent,

267 2436 648 2473 exeommunieacionis,
687 2444 725 2466 ac
762 2434 1001 2465 universitates
1039 2434 1070 2463 et
1110 2432 1379 2473 communitates,
1423 2440 1462 2463 ac
1496 2432 1527 2463 in
1571 2432 1717 2463 omnium
1757 2435 1789 2463 et
1827 2429 2034 2474 singulorum
2071 2429 2147 2463 talia

268 2497 552 2529 coininittencium
583 2496 748 2535 civitates‚
780 2492 889 2538 opida.
920 2496 1043 2533 castra,
1082 2495 1190 2523 terras
1229 2489 1324 2523 villas
1361 2494 1392 2523 et
1428 2490 1501 2524 loca
1540 2490 1706 2523 interdicti
1744 2489 1926 2535 generales
1955 2492 2147 2524 sentencias

271 2556 463 2601 protei-aim,
495 2560 526 2588 et
556 2554 791 2588 nichilominus
822 2563 939 2586 omncs
970 2557 1000 2585 et
1030 2551 1193 2595 singulos.
1225 2561 1308 2594 quos
1337 2550 1534 2596 simpliciter
1564 2555 1594 2584 et
1625 2551 1665 2584 de
1695 2551 1793 2596 plano
1829 2553 1901 2584 sine
1940 2552 2079 2596 strepitu
2116 2554 2148 2584 et

271 2617 377 2653 ligura
409 2617 518 2650 iudicii
550 2616 664 2649 solerti
695 2619 725 2648 et
756 2614 843 2648 fideli
873 2612 1019 2647 adbibita
1050 2611 1227 2655 diligencia
1258 2614 1476 2657 reppereritis
1506 2611 1580 2644 talia
1611 2614 1822 2645 commisisse
1851 2615 1906 2644 aut
1935 2610 2058 2645 fecisse
2092 2610 2148 2644 vel

273 2677 449 2710 mandasse
480 2677 551 2710 lieri
581 2681 633 2709 aut
665 2678 835 2713 committi,
857 2679 911 2708 aut
941 2684 1055 2707 eorum
1087 2675 1222 2706 nomine
1252 2671 1305 2705 vel
1337 2671 1491 2705 mandato
1514 2671 1600 2705 sacta
1621 2682 1681 2705 seu
1702 2674 1881 2705 commissa
1902 2675 1973 2705 rata
1999 2675 2031 2705 et
2049 2675 2148 2716 grata
