2313 3090
1249 172 1295 206 66

1238 378 1310 413 ²9.

344 470 538 504 Elisabeth.
574 468 693 503 tt'itwe
723 467 808 501 nach
844 468 914 499 dem
938 466 1098 498 Brauner
1118 464 1257 508 Beli-yet·
1285 464 1464 497 Joliannes
1492 462 1699 497 l‘l'e'sclzauer
1724 462 1867 496 schenkl
1895 462 1992 496 ilii-en
2023 461 2140 496 Besae’tz
2169 462 2202 494 in

403 530 610 564 Steuroere'tz-
640 529 706 561 und
735 529 881 571 Acts-pit:-
911 527 981 559 dem
1015 524 1294 569 lsoniqinlfloster
1324 526 1357 557 ῖιι
1385 523 1570 558 Αἰίὂνᾱηιι.
1602 523 1660 558 Dt.
1692 523 1751 558 21.
1785 523 1889 568 April
1918 523 2028 557 1392.
2059 535 2086 557 s.
2123 522 2144 556 l.

502 614 723 666 Naturalium
761 631 920 675 siquidem
959 630 1169 663 decretorum
1199 631 1325 662 sanccit
1355 631 1548 671 auctoritas,
1579 633 1609 662 ut
1641 628 1761 673 singuli
1791 638 2064 673 quorumcunque
2093 626 2205 661 bene-

346 695 493 728 ficiorum
524 697 705 727 existentes
735 693 924 737 participes,
955 689 1137 723 eorundem
1167 700 1233 723 non
1262 692 1477 722 immemores
1500 700 1560 735 pro
1582 700 1714 723 suarum
1737 688 1892 722 facultate
1908 691 2042 731 virium,
2071 687 2205 732 dignam

344 756 579 788 vicissitudinis
610 754 729 786 saciant
759 761 1013 797 reconpensam.
1044 749 1128 783 Hinc
1158 754 1219 793 est²
1249 750 1334 795 quod
1357 760 1422 794 ego
1442 748 1593 783 Elizabet
1613 750 1727 783 relicta
1748 748 1910 784 Johannis
1930 748 2134 782 Wissaweri
2152 750 2206 794 pie

346 818 504 849 memorie
535 817 616 847 civis
647 812 851 845 Brunnensis
880 814 1047 844 universis
1076 814 1250 856 presentes
1280 810 1405 844 litteras
1436 813 1636 856 inspecturis
1667 813 1804 856 cupiens
1833 810 1907 843 fore
1935 814 2062 852 notum,
2096 811 2206 842 animo

345 875 537 908 deliberato.
567 884 631 906 non
662 884 720 918 per
750 883 899 905 errorem
931 876 983 904 aut
1006 871 1192 917 inprovide.
1222 883 1284 904 nec
1304 882 1364 917 per
1384 875 1571 917 quempiam
1593 871 1751 917 conpulsa
1772 870 1940 915 indignam
1961 880 2205 915 reconpensam

345 939 421 969 tanti
460 934 623 968 beneficii.
663 933 748 978 quod
787 932 885 966 michi
924 931 1136 965 venerabiles
1175 936 1205 965 et
1244 932 1403 977 religiose
1442 932 1574 966 dominc
1613 932 1710 965 Anna
1750 930 1928 973 abbatissa⁷
1959 934 1989 964 et
2019 933 2206 963 conventus

346 997 536 1029 monasterii
566 994 652 1027 Aule
682 993 778 1027 beate
807 992 912 1026 Marie
942 995 973 1025 in
1002 995 1134 1038 amiqua
1163 992 1309 1026 Brunna.
1349 992 1473 1026 ordinis
1504 991 1748 1036 Cisterciensis‚
1788 992 1930 1025 diocesis
1961 990 2206 1033 Olomucensis‚

346 1061 374 1090 in
405 1056 586 1089 collacione
617 1057 707 1088 curie
737 1065 796 1088 sue
825 1057 854 1087 in
887 1053 1064 1087 Steirwicz
1094 1056 1155 1086 site
1185 1053 1224 1087 ad
1254 1065 1328 1087 mee
1357 1056 1425 1087 vite
1453 1057 1603 1099 tempora
1624 1053 1756 1095 donate,
1785 1056 1883 1098 prout
1903 1054 1935 1085 in
1954 1051 2071 1085 litteris
2092 1061 2206 1084 earum

346 1117 443 1150 michi
472 1127 572 1161 super
610 1126 650 1148 eo
680 1114 798 1148 deditis
828 1118 1045 1159 expressatur
1074 1113 1206 1147 clarius.
1244 1114 1366 1147 fecisse
1398 1113 1626 1153 dinoscuntun
1657 1116 1766 1147 onmia
1795 1112 1882 1146 bona
1912 1124 1985 1146 mea
2015 1111 2148 1145 mobilia
2177 1115 2207 1145 et

345 1177 524 1211 immobilia
555 1175 687 1209 ubilibet
720 1175 868 1208 locorum
900 1174 1021 1215 habita²
1052 1178 1192 1219 excepta
1223 1174 1382 1208 duntaxat
1411 1177 1511 1208 vinea
1541 1177 1572 1208 in
1593 1174 1715 1217 Zeliczt
1746 1178 1822 1220 puta
1844 1176 1906 1207 tria
1927 1172 2088 1218 quartalia
2121 1171 2208 1205 lanei

345 1249 503 1281 agrorum
545 1239 577 1270 in
620 1236 797 1270 Steirwicz
836 1246 909 1269 cum
948 1237 1056 1268 vineis
1092 1235 1131 1268 ad
1167 1235 1220 1268 illa
1258 1234 1483 1281 spectantibus
1521 1239 1551 1268 et
1589 1234 1749 1268 curticula
1787 1233 1908 1268 ibidem
1938 1231 2208 1274 consistentibus,

346 1299 518 1344 quemdam
553 1308 668 1341 agrum
706 1297 890 1341 vulgariter
927 1300 1068 1342 prayten
1106 1300 1343 1341 nuncupatum,
1382 1306 1487 1341 prope
1516 1294 1741 1341 Nyempczicz
1771 1297 1880 1338 situm,
1914 1294 1955 1328 de
1985 1304 2049 1339 quo
2078 1292 2209 1338 quidem

347 1362 470 1393 rectori
499 1357 717 1404 parrochialis
747 1357 889 1390 ecclesie
918 1356 1037 1389 ibidem
1069 1361 1209 1401 quatuor
1237 1360 1348 1401 grossi
1378 1367 1451 1390 cun]
1482 1357 1591 1390 medio
1620 1359 1838 1402 pragensium
1874 1354 2086 1389 denariorum
2116 1355 2210 1386 annis

347 1423 548 1453 consuantur
585 1418 734 1462 singulis}
772 1422 801 1451 et
837 1417 993 1450 nonnulla
1032 1416 1117 1450 bona
1157 1417 1219 1450 alia
1256 1420 1320 1451 iam
1350 1422 1425 1451 actu
1454 1420 1614 1463 acquisita
1644 1417 1699 1451 vel
1728 1420 1931 1463 inposterum
1962 1413 2211 1462 quomodolibet

349 1480 561 1525 acquirenda.
602 1478 853 1524 quibuscunque
893 1481 997 1511 eciam
1036 1477 1237 1523 specialibus
1273 1483 1474 1512 censeantur
1515 1477 1688 1512 vocabulis
1717 1477 1773 1511 vel
1801 1480 1933 1511 inantea
1963 1474 2211 1522 quomodolibet

347 1542 481 1575 valeant
511 1540 683 1586 appellari.
713 1539 807 1572 dictis
836 1538 1084 1573 venerabilibus
1115 1538 1310 1572 dominabus
1340 1539 1440 1572 Anne
1469 1538 1636 1572 abbatisse
1657 1543 1689 1572 et
1709 1540 1890 1572 conventui
1911 1536 2210 1571 sanctimonialium

348 1604 541 1635 monasterii
571 1603 633 1633 iam
665 1600 740 1633 dicti
770 1599 950 1633 liberaliter
980 1600 1078 1643 dono7
1109 1599 1248 1633 confero
1279 1604 1309 1632 et
1339 1602 1489 1645 resignQ
1519 1603 1593 1645 post
1623 1598 1747 1633 obitum
1778 1603 1889 1632 tamen
1909 1608 2018 1632 meum
2043 1608 2104 1643 per
2123 1599 2212 1643 ipsas

349 1668 379 1696 et
419 1673 534 1695 eorum
574 1672 791 1694 successores
829 1665 990 1706 perpetuo
1029 1660 1183 1703 tenenda,
1222 1659 1375 1694 habenda
1414 1665 1446 1694 et
1483 1659 1697 1706 possidenda,
1738 1659 1779 1693 de
1809 1662 1936 1705 eisque,
1970 1662 2069 1704 prout
2097 1668 2212 1691 earum

349 1723 520 1757 arbitrium
558 1725 664 1755 visum
704 1721 815 1757 fuerit.
850 1721 1038 1755 faciendum
1079 1726 1110 1755 et
1148 1721 1402 1767 disponendum,
1440 1723 1678 1754 incontrarium
1718 1722 2013 1765 quorumcumque'
2042 1718 2212 1752 hominum

350 1786 560 1829 inpeticionis
591 1782 706 1816 fraude
735 1785 865 1827 penitus
895 1786 1100 1827 quiescente.
1130 1781 1169 1816 Et
1200 1785 1371 1828 precipue,
1402 1785 1428 1815 si
1459 1792 1540 1826 quas
1570 1783 1749 1827 peccunias
1780 1791 1832 1814 me
1861 1780 2046 1814 decedente
2076 1781 2212 1813 contin—

350 1848 446 1887 geret
486 1844 676 1888 relinquere
715 1847 745 1875 et
784 1843 814 1876 id
853 1844 891 1877 ad
931 1847 1085 1877 noticiam
1125 1844 1286 1877 dictarum
1325 1843 1530 1876 dominarum
1568 1841 1755 1883 deveniret,
1793 1852 1855 1887 per
1883 1843 1972 1887 ipsas
2001 1851 2065 1886 que
2094 1838 2213 1874 alicubi

350 1903 470 1937 fuerint
509 1907 679 1948 conperte.
724 1903 818 1936 liceat
858 1906 905 1937 eis
943 1907 1077 1937 nomine
1115 1915 1190 1937 meo
1228 1903 1299 1937 illas
1335 1914 1395 1948 per
1432 1914 1564 1937 omnem
1600 1905 1702 1945 viam,
1742 1913 1839 1948 quam
1878 1903 2068 1947 putaverint
2101 1900 2212 1934 utilem

351 1968 566 2008 extorquere.
607 1966 845 2008 signanterque
884 1964 1015 1997 domum
1057 1975 1163 1998 meam
1204 1967 1235 1998 in
1273 1965 1432 2009 Auspecz
1470 1966 1501 1997 in
1537 1966 1614 1997 vico
1653 1963 1836 2006 fabrorum,
1880 1973 1984 2008 prope
2026 1960 2214 1995 Johannem

351 2023 572 2057 Scliernwolf
598 2028 673 2057 tunc
705 2028 864 2069 temporis
894 2028 1000 2059 sitam.
1031 2037 1047 2058 a
1079 2026 1152 2059 data
1183 2027 1395 2071 presencium
1425 2027 1562 2069 resigno
1593 2024 1749 2065 totaliter,
1779 2028 1812 2057 ut
1841 2023 2000 2068 deinceps
2030 2024 2156 2068 possint
2181 2025 2214 2054 et

351 2084 487 2117 valeant
515 2084 554 2117 de
585 2089 616 2117 ct
646 2096 718 2118 cum
750 2088 819 2130 ipsa
851 2088 939 2119 iuxta
970 2097 1028 2119 sue
1058 2087 1237 2120 voluntatis
1268 2085 1392 2120 libitum
1422 2084 1606 2119 liberaliter
1634 2084 1803 2118 ordinare.
1838 2082 2066 2125 presencium,
2095 2081 2213 2127 quibus

353 2147 384 2177 in
415 2147 637 2178 testimonium
669 2139 812 2179 omnium
843 2149 1082 2191 premissorum
1113 2146 1152 2180 ad
1182 2150 1331 2181 wtivam
1362 2156 1497 2192 precum
1529 2156 1677 2179 mearum
1708 2147 1902 2178 instanciam
1923 2143 2081 2177 nobilium
2101 2142 2214 2176 domi-

352 2216 469 2238 norum
500 2204 642 2238 Erliardi
671 2205 711 2238 de
729 2206 876 2249 t‘unstat‚
908 2206 1110 2240 l'roczkonis
1140 2206 1347 2253 de'Lyssicz
1376 2207 1457 2240 alias
1487 2206 1527 2239 de
1557 2205 1706 2247 Ciuistat7
1736 2215 1868 2239 necnon
1897 2207 1928 2237 in
1963 2206 2094 2248 signum
2123 2213 2216 2237 mere

353 2266 533 2299 voluntatis
564 2277 636 2298 mee
667 2277 786 2299 meum.
819 2266 925 2309 sigilla
956 2271 1029 2299 sunt
1060 2278 1206 2312 appensa
1237 2270 1426 2302 testimonio
1456 2266 1650 2300 litterarum.
1682 2265 1766 2299 Data
1788 2276 1874 2298 anno
1896 2264 2019 2299 domini
2039 2263 2215 2297 millesimo

353 2328 590 2359 trecentesimo
620 2329 840 2369 nonagesimo
870 2327 1029 2362 secundo.
1062 2327 1225 2362 dominica
1257 2328 1359 2370 Quasi
1389 2328 1487 2361 modo
1517 2329 1632 2372 geniti.

668 2533 757 2565 *Ui-ig.
786 2534 866 2565 Pet-g.
893 2534 939 2558 init
968 2536 983 2557 ,Ἰ
1010 2535 1135 2562 ιιιιΙιειιι-,νι
1161 2536 1218 2569 Sig.
1244 2536 1278 2561 im
1305 2537 1394 2564 iniilir.
1420 2535 1668 2562 Laudes-Archiv,
1695 2534 1756 2562 Art.
1783 2528 1968 2571 Ktinlgiukl.)
