2313 3090
1209 172 1282 206 255

309 281 541 314 nichilominus
574 285 684 313 tamen
714 279 946 312 desiderantes
977 278 1110 310 domino
1142 277 1296 323 populum
1328 276 1472 309 reddere
1501 275 1740 321 acceptabilem
1772 280 1802 308 et
1838 274 2000 308 bonorum
2040 285 2180 319 operum

309 346 525 384 sectatorem,
556 340 671 374 fideles
700 339 789 385 ipsos
821 339 859 372 ad
892 338 1167 384 cinnplacendum
1198 338 1258 371 sibi
1290 341 1383 382 quasi
1414 337 1610 381 quibusdam
1641 336 1805 370 allectivis
1831 334 2034 377 uulneribus.v
2066 334 2180 368 indul-

309 405 439 444 genciis
469 402 594 435 seilicet
613 406 642 434 et
666 402 885 441 remissionis,
916 402 1107 437 invitamus,
1130 403 1161 431 ut
1184 398 1305 431 exinde
1329 398 1441 432 divine
1462 400 1578 442 gracie
1598 397 1780 430 reddantur
1800 399 1965 441 apciores.
2000 395 2181 441 Cupientes

310 444 421 499 igitur.
452 467 484 495 ut
515 462 658 495 eeclesia
690 463 884 493 monasterii
915 462 945 492 in
976 459 1120 493 Pustmir
1150 459 1275 493 ordinis
1307 462 1412 492 sancti
1443 458 1616 492 Benedicti
1647 457 1880 491 Olomucensis
1919 457 2063 490 diocesis
2093 467 2181 490 con-

310 525 403 567 gruis
434 522 616 556 honoribus
652 522 886 565 frequentetur
924 525 954 553 et
996 523 1100 553 eciam
1139 525 1363 553 conservetur
1401 525 1430 553 et
1471 525 1503 553 ut
1544 518 1778 553 christifideles
1816 530 1856 552 eo
1891 517 2053 552 libencius
2082 527 2182 550 causa

311 583 507 616 devocionis
537 581 703 615 confluant
735 581 774 614 ad
806 581 946 614 eandem
978 581 1155 614 ecclesiam
1188 585 1218 612 et
1241 580 1280 613 ad
1311 585 1615 614 conversacionem
1637 580 1823 614 huiusmodi
1844 581 2041 625 prorupcius
2068 587 2182 611 manus

311 646 482 688 porrigant
515 642 707 683 adiutrices„
738 653 802 686 quo
825 654 867 675 ex
890 641 952 675 hoc
983 641 1105 675 ibidem
1135 642 1222 675 dono
1244 641 1378 675 celestis
1400 645 1516 686 gracie
1538 641 1672 675 uberius
1693 643 1933 686 conspexerint
1962 650 1999 673 se
2020 640 2182 681 refectos,

312 704 352 737 de
390 706 626 749 omnipotentis
665 702 717 736 dei
754 702 983 736 misericordia
1021 707 1051 735 et
1092 702 1265 736 beatorum
1304 702 1393 735 Petri
1431 707 1461 735 et
1501 701 1592 735 Pauli
1627 702 1855 747 apostolorum
1885 703 1956 734 eius
1985 702 2184 734 auctoritate

313 765 429 798 conlisi
460 763 612 797 omnibus
642 775 724 797 vere
755 763 979 808 penitentibus
1010 768 1041 796 et
1072 763 1250 797 confessis.
1281 767 1335 808 qui
1366 766 1396 796 in
1427 763 1479 796 die
1509 763 1736 796 dedicacionis
1766 765 1868 808 ipsius
1897 761 2043 795 ecclesie
2063 760 2185 794 dictam

313 826 490 859 ecclesiam
521 825 645 858 devote
680 827 891 858 visitaverint
930 827 1099 858 annuatim
1138 829 1168 857 et
1208 824 1246 857 ad
1287 827 1591 858 conservacionem
1630 823 1818 858 huiusmodi
1858 833 1974 856 manus
2004 821 2185 855 adiutrices

312 889 537 932 porrexerint.
577 890 608 918 ut
649 885 828 930 prefertur.
869 885 951 918 duos
982 896 1087 918 annos
1127 890 1156 918 et
1200 884 1334 918 totidem
1374 885 1609 930 quadragenas
1648 885 1688 918 de
1723 887 1880 918 iniunctis
1909 886 1957 917 eis
1987 884 2186 928 penitenciis

313 946 577 980 misericorditer
607 945 811 978 relaxamus.
868 945 1031 979 Volumus
1068 951 1192 979 autem.
1233 946 1319 990 quod
1356 949 1382 979 si
1418 945 1499 979 alias
1529 945 1650 979 dictam
1681 945 1860 979 ecclesiam
1890 942 2103 978 visitantibus
2132 941 2187 976 vel

313 1008 352 1041 ad
390 1010 693 1041 conservacionem
734 1009 837 1052 ipsius
875 1017 992 1040 manus
1036 1007 1217 1040 adiutrices
1261 1005 1512 1052 porrigentibus
1555 1011 1608 1039 aut
1648 1006 1729 1040 alias
1767 1005 1846 1039 inibi
1884 1008 1956 1051 pias
1985 1005 2186 1039 elemosinas

315 1067 533 1113 erogantibus
571 1079 629 1100 seu
669 1067 749 1100 alias
786 1067 893 1112 aliqua
931 1067 992 1100 alia
1034 1068 1245 1112 indulgencia
1290 1071 1521 1113 inperpetuum
1562 1068 1614 1100 vel
1653 1067 1691 1100 ad
1723 1071 1852 1101 certum
1882 1071 2011 1112 tempus
2040 1064 2186 1099 nondum

315 1129 461 1174 elapsum
506 1128 663 1160 duratura
709 1139 768 1172 per
811 1138 871 1160 nos
915 1138 1077 1161 concessa
1116 1128 1225 1162 t'uerit.
1266 1132 1442 1174 presentes
1481 1128 1576 1161 litere
1612 1128 1732 1161 nullius
1776 1131 1920 1161 existant
1964 1127 2090 1160 valoris
2132 1126 2187 1159 vel

316 1192 486 1223 momenti.
518 1188 636 1222 Datum
669 1188 776 1222 Rome
805 1189 890 1233 apud
920 1193 1071 1222 sanctum
1103 1189 1235 1222 Petrum
1266 1187 1379 1222 XVIII
1410 1187 1569 1222 kalendas
1600 1188 1821 1234 Septembris.
1844 1187 2056 1234 pontificatus
2082 1189 2188 1221 nostri

314 1261 399 1283 anno
430 1254 538 1283 sexto.

631 1354 720 1387 [orig.
746 1355 827 1387 Peren
854 1364 889 1380 an
914 1355 1016 1388 gelben
1041 1363 1068 1382 u.
1094 1355 1194 1380 rothen
1220 1355 1318 1379 Faden
1344 1354 1370 1379 h.
1396 1354 1537 1380 Bleibulle
1562 1355 1599 1379 im
1623 1355 1775 1381 fiii-sterzb.
1819 1355 1946 1380 Archive
1970 1355 1999 1380 in
2023 1353 2190 1388 Kremsierc)

1204 1507 1311 1543 2²7.

317 1583 448 1617 Slnrelz·
479 1595 540 1617 ron
571 1584 699 1617 Prosei-
731 1584 890 1629 rerlfcmfl
919 1586 982 1619 (Ias
1012 1584 1111 1630 Dorf
1138 1585 1254 1619 omum
1292 1587 1348 1620 hei
1382 1587 1499 1621 Bruma
1536 1589 1599 1622 den
1630 1588 1872 1622 Isarlbmlsern
1908 1590 1939 1621 in
1975 1588 2189 1633 Koniqsfeld.

973 1646 1030 1680 Dt.
1063 1646 1121 1680 24.
1153 1647 1289 1691 Aelgsus!
1320 1647 1429 1682 1395.
1460 1661 1487 1682 S.
1519 1649 1538 1682 l.

477 1721 571 1786 Ego
603 1741 742 1775 Slawko
772 1743 879 1776 dictus
908 1742 1082 1788 Nyemecz
1113 1743 1153 1777 de
1183 1743 1419 1790 Prossyeczye
1449 1746 1487 1778 ad
1510 1749 1745 1779 universorum
1774 1751 1837 1780 tam
1859 1749 2072 1792 presencium
2094 1756 2191 1791 quam

320 1801 506 1835 futurorum
538 1806 693 1836 noticiam
725 1807 822 1849 cupio
852 1808 1042 1849 pervenire.
1077 1804 1173 1845 Quod
1202 1805 1287 1838 bona
1319 1810 1516 1851 maturaque
1546 1805 1795 1840 deliberacione
1829 1817 1979 1852 sanoque
2008 1810 2192 1841 amicorum

320 1874 359 1895 ac
389 1867 714 1907 consanquineorum
745 1868 992 1898 communicato
1018 1865 1158 1898 consilio
1179 1866 1290 1899 villam
1313 1877 1421 1899 meam
1443 1866 1616 1912 Ohirzany
1643 1878 1748 1912 prope
1777 1866 1922 1901 Brunam
1944 1879 2018 1901 cum
2040 1867 2194 1902 omnibus

321 1928 350 1955 et
382 1924 521 1967 singulis
551 1928 618 1957 suis
648 1924 744 1958 bonis
774 1936 812 1957 ae
843 1929 1072 1970 pertinenciis.
1104 1926 1229 1959 duabus
1260 1927 1415 1960 videlicet
1445 1927 1653 1961 allodialibus
1683 1931 1784 1962 curiis
1806 1928 1923 1962 incolis
1947 1931 2068 1964 vineis.
2102 1932 2195 1974 agris

320 1985 416 2017 cultis
447 1989 476 2017 et
509 1996 573 2018 non
604 1986 712 2019 cultis.
744 1990 846 2031 pratis
877 1990 1009 2031 pascuis
1040 1986 1206 2020 montibus
1236 1986 1374 2021 collibus
1405 1988 1498 2021 silvis
1529 1987 1654 2021 rubetis
1685 1989 1877 2023 nemoribus
1907 1989 2079 2035 paludibus
2100 1993 2194 2035 aquis

320 2049 351 2077 et
384 2045 571 2078 fluminibus
602 2046 849 2091 piscacionibus
880 2047 1121 2081 venai-ionibus
1152 2054 1182 2081 et
1214 2048 1497 2094 aucupacionibus
1527 2052 1591 2083 viis
1622 2054 1651 2082 et
1683 2049 1825 2086 eadibus
1855 2061 1893 2084 ac
1922 2054 2103 2085 universis.
2131 2061 2195 2096 que

320 2117 336 2137 a
368 2106 494 2138 diutino
527 2111 677 2152 tempore
694 2108 732 2140 ad
765 2109 904 2141 eandem
928 2109 1040 2142 villam
1070 2114 1224 2154 spectare
1246 2110 1476 2143 dinoscuntur.
1499 2109 1752 2155 quiluiscunque
1773 2116 1974 2145 censeantur
1993 2111 2195 2153 nominibus,

321 2170 410 2199 omni
442 2178 482 2199 eo
507 2168 584 2209 jure
614 2179 652 2200 ae
689 2168 849 2211 dominio}
890 2174 984 2214 prout
1025 2180 1089 2213 egro
1127 2170 1267 2203 eandem
1308 2170 1420 2203 villam
1460 2182 1476 2202 a
1515 2174 1595 2204 meis
1633 2170 1932 2216 predecessoribus
1969 2173 2195 2218 comparando

325 2226 497 2271 hucusque
529 2231 615 2260 tenui
647 2241 684 2261 ae
707 2230 852 2274 possedi.
885 2230 984 2263 nichil
1016 2234 1151 2264 omnino
1180 2234 1395 2277 proprietatis
1425 2243 1463 2263 ac
1494 2231 1627 2264 dominii
1660 2231 1758 2265 michi
1789 2237 1820 2265 et
1850 2232 2030 2267 heredibus
2061 2236 2143 2267 meis
2165 2236 2196 2267 in

324 2292 495 2332 posterum
528 2290 748 2323 reservando.
781 2295 926 2336 excepto
957 2291 1062 2324 solum
1094 2291 1315 2337 quadraginta
1345 2303 1541 2337 grossorum
1573 2304 1689 2335 censu,
1720 2304 1818 2338 quem
1854 2293 2015 2339 plebanus
2051 2293 2196 2329 ecclesie

321 2348 441 2381 ibidem
479 2352 510 2382 in
550 2349 721 2395 ()bir7.any
760 2364 776 2383 a
817 2353 925 2396 longis
965 2357 995 2385 et
1035 2356 1213 2386 retroactis
1253 2353 1457 2399 t‹.=mporibus
1500 2357 1668 2388 annuatim
1713 2358 1889 2389 consuevit
1928 2355 2007 2389 ville
2049 2355 2196 2390 dominio

325 2420 502 2443 ccnsuare.
543 2411 635 2452 justo
678 2423 716 2443 ae
761 2423 844 2444 vero
883 2413 1094 2447 vendicionis
1131 2413 1223 2447 titulo
1257 2418 1318 2447 rite
1358 2420 1388 2448 et
1434 2416 1568 2449 realiter
1603 2416 1737 2450 vendidi
1775 2421 1805 2449 et
1844 2415 2057 2462 presentibus
2086 2416 2197 2451 vendo

323 2469 490 2506 religiosis
521 2474 602 2504 viris
642 2475 742 2517 priori
783 2477 813 2505 et
852 2477 1033 2507 conventui
1072 2478 1264 2508 monasterii
1302 2480 1408 2522 campi
1449 2477 1574 2521 regalis
1612 2488 1716 2523 prope
1752 2476 1910 2519 Brunam,
1945 2476 2197 2511 Karthusiensis

322 2531 459 2563 ordinis.
503 2532 736 2566 Olonna-ensis·
776 2534 921 2567 diocesis
958 2539 987 2567 et
1033 2546 1149 2568 eorum
1188 2536 1444 2571 successoribus
1484 2541 1652 2572 universis
1688 2549 1746 2583 pro
1784 2543 1917 2572 centum
1953 2543 1985 2572 et
2015 2541 2197 2584 nonaginta

324 2595 507 2635 sexagenis
528 2604 724 2631 grossorum
747 2599 974 2639 pragensium.
997 2596 1037 2629 de
1058 2595 1176 2641 quibus
1197 2595 1237 2629 ab
1259 2597 1384 2630 eisdem
1408 2598 1565 2632 fratribus
1586 2602 1827 2644 quinquaginta
1849 2609 1979 2633 marcas
1999 2609 2196 2644 grossorum

325 2652 507 2685 eorundem
549 2657 743 2699 percepisse
783 2666 835 2688 me
872 2660 995 2701 paratis
1033 2659 1063 2690 in
1102 2660 1253 2702 pecuniis
1289 2669 1512 2702 recognosco.
1553 2658 1735 2693 Residuum
1775 2670 1858 2693 vero
1897 2662 2039 2705 pecunie
2067 2659 2198 2705 prefate
