2313 3090
1026 193 1093 226 109

124 288 315 340 gnoseimus
346 300 523 331 universis.
556 297 651 338 Quod
681 300 879 330 constitutus
909 308 1022 331 coi-am
1054 298 1149 332 nobis
1179 300 1210 332 in
1240 297 1337 343 pleno
1368 296 1507 330 consilio
1528 296 1692 330 discretus
1715 299 1767 330 vir
1788 296 1993 330 Franciseus

123 356 275 391 Broeder
303 362 418 391 noster
446 360 596 391 concivis
625 357 813 391 voluntarie
844 362 1056 402 recognovih
1096 370 1133 392 se
1172 358 1296 392 debere
1335 362 1366 392 et
1405 360 1511 391 teneri
1549 369 1714 391 censuarc
1747 358 1891 403 provido
1920 361 1994 391 viro

122 417 261 452 Andree
299 418 339 452 de
379 417 571 463 Czlcwings
609 430 669 464 pro
710 423 787 452 tunc
824 423 939 452 nostre
979 422 1122 453 civitatis
1162 422 1291 453 notario
1330 423 1362 452 et
1401 422 1468 452 suis
1497 418 1678 452 heredibus
1716 430 1814 452 unam
1846 430 1993 452 marcam

123 488 243 511 census
274 477 465 512 hereditarii
495 483 527 512 et
556 482 720 524 perpetui,
755 481 933 524 sexaginta
963 484 1104 524 quatuor
1134 491 1274 525 grossos
1304 491 1491 526 pragenses
1520 490 1581 525 pro
1610 491 1723 513 marca
1756 480 1993 526 computando.

123 538 163 572 de
183 539 282 573 domo
303 551 375 578 sua,
404 540 562 573 videlicet
582 540 731 574 eiusdem
753 540 936 583 Francisci‚
967 543 1028 574 sita
1058 543 1088 574 in
1111 541 1184 575 soro
1207 541 1357 575 inferiori
1387 543 1473 574 inter
1498 541 1614 574 domos
1635 540 1807 574 Enderlini
1828 543 1989 586 penestici

121 604 153 633 et
180 599 323 646 Nycolai
352 601 393 634 de
421 600 501 634 Bela
531 604 666 639 sutoris„
697 612 793 646 quem
824 601 956 646 quidem
977 612 1115 635 censum
1146 602 1233 635 idem
1255 602 1412 635 Andreas
1441 601 1501 635 sibi
1532 605 1564 634 et
1593 604 1660 635 suis
1682 600 1862 634 heredibus
1883 600 1990 634 here—

122 659 240 694 ditarie
269 664 460 695 reservavit
489 661 667 696 vendendo
697 661 784 695 dicto
815 661 996 695 Francisco
1027 661 1160 695 domum
1191 673 1283 696 suam
1314 662 1509 707 predictam.
1541 661 1691 695 Eundem
1722 665 1822 706 igitur
1851 673 1988 695 censum

122 720 324 755 Franciscus
353 723 521 768 predictus
551 726 605 755 aut
634 722 750 756 domus
780 722 909 768 prefate
938 733 1116 768 possessor
1146 722 1285 756 Andree
1316 722 1465 768 predicto
1495 726 1550 755 aut
1579 725 1647 756 suis
1677 722 1856 756 heredibus
1895 725 1990 756 annis

122 782 261 826 singulis
290 794 454 816 censuare
484 782 607 816 debent
636 787 668 816 et
696 786 886 828 porrigere,
915 783 1073 817 videlicet
1102 786 1236 827 triginta
1267 783 1350 816 duos
1379 794 1519 827 grossos
1549 786 1579 816 in
1606 783 1692 817 festo
1722 786 1827 817 sancti
1849 782 1989 827 Georgii

121 846 153 875 et
191 843 325 876 totidem
364 846 397 877 in
435 843 520 877 festo
557 846 663 877 sancti
698 843 885 887 Michaelis,
924 848 1021 889 prout
1059 855 1180 878 census
1210 844 1429 877 hereditatum
1461 846 1566 888 exigit
1595 844 1678 877 ordo
1703 845 1801 888 juris.
1842 855 1992 878 censua-

121 905 318 949 cionemque
348 903 536 937 huiusmodi
566 907 596 938 in
627 904 712 938 festo
743 907 848 938 sancti
876 903 1014 949 Georgii
1044 907 1198 950 proxime
1219 904 1420 938 inchoando.
1451 904 1582 937 Habent
1603 909 1711 938 autem
1734 904 1811 938 dicti
1832 904 1990 938 Andreas

121 967 152 997 et
180 966 230 998 sui
259 963 404 998 heredes
429 966 485 1008 jus
515 965 647 1010 plenum
678 970 709 999 et¹
730 969 929 1011 potestatem
956 965 1182 999 omnimodam
1203 965 1367 1011 prefatum
1391 965 1606 999 Franciscum
1626 966 1680 999 vel
1703 965 1820 999 domus
1840 970 1991 1011 pretacte

122 1034 340 1070 possessores
369 1036 428 1071 pro
458 1036 561 1059 censu
591 1036 651 1059 suo
681 1026 838 1070 neglecto
867 1038 926 1061 seu
956 1031 1087 1060 retento
1116 1037 1177 1072 per
1206 1038 1242 1060 se
1274 1026 1327 1059 vel
1357 1037 1431 1060 cuin
1457 1026 1578 1071 judicis
1607 1026 1772 1059 adiutorio
1803 1029 1986 1071 quociens-

119 1096 250 1131 cunque
289 1090 488 1131 oportunum
527 1086 637 1121 fuerit.
668 1087 901 1132 inpignorandi
940 1090 1150 1133 pignoraque
1188 1087 1355 1121 vendendi
1394 1090 1465 1120 sine
1495 1086 1709 1120 exhibicione
1749 1087 1925 1131 judiciaria
1957 1091 1989 1120 et

119 1145 287 1190 obligandi
318 1158 422 1192 usque
451 1147 491 1180 ad
522 1158 643 1181 census
673 1150 793 1181 retenti
815 1148 1100 1194 dampnorumque
1121 1151 1268 1181 omnium
1290 1147 1496 1181 solucionem
1519 1148 1701 1193 plenariam
1724 1152 1755 1181 et
1776 1147 1986 1192 integralem.

120 1206 360 1252 Quamcunque
397 1211 506 1240 autem
546 1207 747 1242 Franciscus
786 1213 989 1242 memoratus
1026 1213 1080 1242 aut
1119 1209 1236 1242 domus
1274 1208 1425 1254 predicte
1460 1219 1639 1254 possessor
1678 1208 1816 1241 Andree
1855 1208 1985 1254 prefato

120 1266 175 1301 vel
212 1270 279 1301 suis
318 1267 498 1302 heredibus
537 1269 634 1302 aliam
673 1281 821 1303 marcam
861 1273 893 1303 in
930 1269 1026 1303 bonis
1056 1270 1142 1303 dicte
1181 1272 1324 1304 civitatis
1354 1273 1395 1303 ita
1427 1272 1509 1303 certi
1539 1280 1660 1302 census
1691 1273 1722 1302 et
1751 1268 1828 1302 boni
1858 1271 1987 1302 emerit.

121 1331 196 1361 tunc
226 1328 427 1363 Franciscus
457 1330 666 1376 supradictus
696 1335 727 1364 et
757 1331 873 1365 domus
904 1330 1033 1376 prefate
1062 1342 1242 1376 possessor
1272 1342 1289 1364 a
1320 1342 1421 1364 censu
1452 1330 1602 1375 predicto
1623 1329 1718 1363 liberi
1739 1334 1835 1363 erunt
1856 1332 1986 1375 penitus

120 1393 152 1422 et
179 1389 287 1423 soluti.
323 1389 363 1423 Et
392 1393 446 1435 qui
476 1395 667 1436 presentem
698 1392 826 1425 literam
858 1392 898 1425 de
928 1391 1014 1426 bona
1044 1392 1216 1425 voluntate
1247 1396 1279 1424 et
1308 1402 1475 1425 consensu
1506 1391 1624 1436 prefati
1655 1390 1794 1424 Andree
1824 1390 1989 1425 habuerih

118 1450 225 1484 eidem
252 1451 307 1494 jus
336 1451 468 1496 plenum
499 1455 657 1498 competit
686 1455 832 1486 omnium
862 1456 1113 1498 premissorum.
1145 1452 1181 1486 In
1212 1463 1351 1497 quorum
1382 1454 1607 1485 testimonium
1646 1456 1678 1485 et
1713 1451 1816 1485 robur
1845 1451 1989 1496 sigillum

117 1514 260 1545 civitatis
290 1511 489 1557 Iglaviensis
519 1513 709 1558 supradicte
739 1513 779 1546 ad
810 1524 929 1558 preces
960 1516 1061 1559 partis
1091 1516 1262 1559 utriusque
1284 1513 1324 1546 de
1354 1517 1445 1547 certa
1466 1515 1612 1546 sciencia
1634 1517 1747 1545 nostra
1769 1517 1799 1545 et
1821 1523 1988 1545 consensu

115 1572 326 1618 presentibus
364 1578 415 1607 est
452 1584 647 1619 appensum.
704 1573 824 1607 Datum
863 1584 950 1607 anno
981 1574 1103 1608 domini
1142 1574 1317 1608 millesimo
1348 1576 1585 1607 trecentesimo
1615 1575 1836 1618 nonagesimo
1866 1575 1985 1607 tercio.

118 1632 201 1667 feria
231 1637 348 1679 quarta
378 1636 408 1667 in
439 1633 491 1667 die
520 1637 626 1668 sancti
657 1633 826 1679 Gregorii.

425 1735 519 1777 (Orig.
545 1739 625 1773 Pei-g.
651 1739 678 1764 h.
703 1739 760 1771 sig.
784 1739 822 1765 im
847 1739 901 1771 igi.
928 1735 1186 1777 Stadt-Arcliive.)

1008 1884 1110 1920 128.

115 1961 229 1995 Franz,
271 1962 405 1999 Vector.
437 1962 574 2006 3111·qu·
602 1974 666 1996 ron
700 1963 844 2005 (Ληιιῑίῆἢ
878 1963 1058 2006 &bertram
1087 1965 1186 1997 einen
1217 1963 1300 1996 Zins
1329 1975 1394 1997 ron
1422 1963 1446 1997 8
1468 1962 1581 2005 Jlarl‘c7
1612 1962 1760 1996 weleker
1791 1974 1853 1995 ron
1875 1964 1983 1995 ciuem

117 2021 328 2067 Bauer-ullos
350 2025 383 2056 in
414 2022 581 2057 Nebolee'n
613 2025 679 2058 und
710 2026 796 2058 smel
824 2024 1099 2058 Flessclehauheu
1132 2025 1163 2057 ῖη
1198 2023 1330 2057 Olmntz,
1359 2036 1403 2057 an
1444 2025 1498 2057 die
1530 2023 1677 2068 Isapelle
1706 2024 1768 2056 der
1798 2022 1852 2056 Hl.
1885 2022 1986 2056 Fele'J·

222 2084 290 2117 mul
317 2084 499 2117 Adauetus
528 2096 570 2117 zu
600 2084 722 2119 z-alelen
755 2097 838 2129 tear,
869 2087 938 2130 auf
960 2087 1056 2119 selue
1087 2096 1148 2118 ror
1183 2085 1256 2118 dem
1288 2084 1531 2118 Blase'ecstleore
1558 2084 1724 2128 qeleyene
1755 2084 1879 2117 Millele.

843 2146 899 2179 Dt.
933 2146 990 2180 12.
1024 2145 1122 2179 Mai-z,
1155 2144 1263 2178 1393.

273 2222 361 2276 Ros
388 2241 494 2276 Pesoo
524 2242 630 2276 Ritler
658 2243 854 2285 advocatus,
884 2242 1048 2276 Pertlinus
1079 2241 1225 2287 t‘Vysant
1264 2244 1424 2285 magister
1464 2243 1599 2283 civium‚
1640 2240 1797 2274 Nicolaus
1834 2240 1981 2274 Slosser.

117 2302 275 2337 Nicolaus
310 2302 544 2337 Fleischheckl
586 2308 617 2337 et
646 2302 790 2337 Michael
833 2303 930 2337 l'olcz
974 2302 1142 2345 consules,
1185 2301 1392 2345 Engelusch⁷
1435 2301 1608 2335 Johannes
1651 2300 1797 2337 Stahler.
1842 2299 1984 2334 Friczko

116 2363 416 2409 Hoczczemplocz,
454 2364 571 2398 Petrus
600 2375 705 2410 prope
735 2375 876 2407 murum,
915 2363 1021 2397 Pesco
1051 2363 1183 2408 Raydc,
1222 2362 1382 2396 Heulinus
1413 2361 1595 2396 Ordenlich
1630 2367 1661 2395 et
1690 2361 1863 2394 Johamies
1893 2360 1985 2395 Ebor

116 2423 242 2458 scabini
267 2425 437 2469 juratique
466 2427 609 2458 civitatis
642 2424 876 2458 Olomucensis
905 2424 1163 2458 notuml'acimus
1188 2428 1305 2457 tenore
1336 2426 1547 2468 presencium
1584 2424 1764 2464 universis⁷
1804 2421 1983 2455 discretum

116 2488 225 2519 virum
257 2484 524 2518 Ffranczkonem
541 2483 722 2519 Vectorem
753 2485 848 2519 nobis
877 2488 1053 2519 concivem
1076 2485 1116 2518 dc
1138 2484 1307 2518 voluntate
1328 2483 1533 2517 conthoralis
1553 2494 1625 2524 ευρ,
1649 2482 1822 2523 heredum,
1846 2481 1984 2515 fratrum

116 2550 149 2580 et
176 2549 359 2579 amicorum
389 2557 536 2588 suorum,
566 2557 704 2591 quorum
735 2549 897 2589 intererit,
928 2548 1173 2581 communicato
1203 2544 1342 2578 consilio
1372 2547 1497 2590 pariter
1526 2548 1558 2576 et
1587 2554 1739 2581 assensu,
1769 2553 1831 2576 sex
1852 2553 1983 2576 marcas

116 2617 237 2640 census
266 2609 365 2640 annui
395 2609 426 2639 in
456 2610 487 2639 et
516 2617 617 2652 super
645 2609 736 2640 curia
766 2607 937 2641 colonaria
967 2609 998 2640 in
1028 2605 1207 2651 Neboteyn
1237 2609 1269 2638 et
1298 2605 1379 2638 duas
1409 2616 1539 2638 marcas
1569 2614 1690 2637 census
1712 2605 1863 2649 perpetui
1884 2614 1985 2649 super

117 2665 244 2701 duobus
274 2669 349 2701 totis
379 2666 545 2700 maccellis
575 2669 724 2700 carnium
745 2667 785 2701 ad
814 2667 998 2714 cappellam
1028 2671 1219 2700 sanctorum
1244 2665 1377 2699 Fl'elicis
1407 2669 1438 2699 et
1469 2664 1611 2698 Adaucti
1641 2666 1671 2697 in
1693 2666 1856 2697 cimiterio
1878 2666 1982 2697 sancti
