2313 3090
1218 191 1291 225 150

321 310 365 332 ex
395 299 564 332 voluntate
595 304 704 332 tamen
732 303 947 342 utrarumque
976 300 1138 342 parcium,
1169 299 1309 330 cassatis
1338 295 1504 341 prioribus
1533 297 1661 340 litteris„
1693 300 1723 330 in
1753 309 1816 330 una
1846 301 1992 342 presenti
2031 298 2188 332 videlicet

322 360 429 393 littera
460 364 652 405 poneretur.
683 359 722 392 Et
753 370 813 391 nos
842 360 943 402 igitur
971 360 1066 390 cives
1091 358 1192 400 jurati
1222 357 1349 390 scilicet
1379 357 1598 391 Wernussius
1628 362 1704 391 tunc
1733 361 2033 402 magisterciviunn
2056 357 2183 404 Seydel

320 419 453 455 Kriner.
493 420 656 453 Henricus
696 419 851 463 Magnus,
890 417 1085 462 Procopius,
1125 417 1283 451 Andreas
1322 416 1619 459 Kocznerscbenlz„
1657 418 1801 452 Michael
1840 418 2004 463 Sei-iptor„
2041 418 2184 453 Mathias

320 480 510 514 Korenzalz.
541 479 670 525 Nyklos
691 479 916 513 Neumeister.
945 477 1089 511 Mathias
1120 477 1295 523 Steplianiq
1325 477 1483 511 Nicotaus
1513 477 1687 521 Sehurler,
1715 478 1860 512 Michael
1890 478 2055 524 Spanaus.
2076 478 2187 512 Nico—

321 541 391 574 laus
420 540 584 575 Sebeller.
615 540 830 573 advertentes
859 539 1135 572 reverendissimi
1163 541 1265 583 patris
1294 541 1326 571 in
1356 537 1488 572 Christo
1518 542 1549 572 et
1570 539 1692 572 domini
1713 540 1835 572 domiui
1854 538 2017 572 Jobannis
2038 542 2188 584 episcopi

322 600 595 634 Lutlunnislensis
634 600 756 633 domini
795 602 899 632 nostri
936 601 1084 643 graciosi
1121 603 1185 632 tam
1214 601 1305 644 prius
1334 599 1455 632 factam
1485 610 1582 644 quam
1613 599 1711 633 modo
1741 603 1907 645 posterius
1936 600 2187 633 ordinacionem

320 664 516 706 premissam
556 660 629 693 sore
667 662 753 704 piam
792 663 824 692 et
862 659 1057 703 legittimam
1096 670 1135 692 ac
1174 663 1288 693 nostre
1317 662 1443 694 civitati
1472 663 1606 693 omuino
1636 661 1823 706 perutilemq
1854 659 1963 694 habita
1993 665 2103 706 super'
2123 660 2185 694 hiis

321 732 401 754 sana
431 720 678 753 deliberacione
708 724 740 752 et
769 724 898 753 maturo
928 722 1035 753 tocius
1065 722 1309 754 communitatis
1338 732 1487 756 assensu,
1516 725 1614 766 prout
1642 721 1707 763 itta,
1738 732 1801 765 que
1831 724 1921 766 prius
1951 721 1992 754 de
2017 731 2186 754 consensu

322 784 467 826 priorum
507 780 732 823 scabinorum,
759 783 801 813 ita
842 785 873 814 et
911 783 985 823 ista,
1021 791 1085 825 que
1114 783 1178 813 iam
1208 780 1249 814 de
1285 792 1451 815 consensu
1482 786 1595 815 nostro
1624 792 1685 827 per
1713 781 2032 815 reverendissimum
2061 785 2189 826 patrem

321 846 352 875 et
390 842 555 874 dominum
595 840 716 874 crebro
752 844 955 874 nominatum
996 840 1083 874 facta
1117 845 1192 874 sunt
1229 846 1261 874 et
1297 842 1459 883 ordinata„
1485 842 1643 876 videlieet
1680 845 1711 875 in
1749 844 2031 887 couipensacione
2068 852 2189 875 census

320 902 592 935 ‹lonuineularum
622 906 654 935 et
682 905 715 935 in
743 905 968 935 innovacione
998 906 1159 935 metarum
1190 904 1222 934 in
1251 905 1378 947 campis
1409 913 1468 935 seu
1485 902 1658 947 quibusvis
1678 905 1832 947 superius
1853 905 2039 947 expressis,
2060 912 2189 936 secun—

320 962 395 995 dum
425 973 542 995 omnes
571 962 736 997 clausulas
767 974 867 1008 supra
896 965 1022 1008 positas
1051 967 1122 996 rata
1152 966 1184 995 et
1212 967 1307 1006 grata
1338 962 1500 996 habemus
1529 967 1561 995 et
1581 965 1780 1007 suscipimus
1800 973 1861 1007 per
1882 973 1942 995 nos
1964 967 2188 1008 posterosque

319 1027 452 1056 nostros
491 1023 634 1056 tenenda
671 1027 840 1069 perpetuis
879 1022 1085 1069 temporibus
1114 1033 1153 1056 ae
1182 1023 1359 1068 implenda,
1390 1026 1508 1068 quavis
1538 1023 1810 1056 contradiccioue
1841 1027 1970 1056 semota
1999 1022 2060 1057 sub
2088 1026 2184 1069 penis

319 1095 379 1129 per
407 1086 536 1129 priores
561 1085 693 1127 juratos
722 1088 957 1118 antecessores
986 1088 1119 1117 nostros
1159 1086 1323 1128 susceptis
1354 1088 1386 1116 et
1415 1086 1586 1128 expressis
1616 1083 1706 1117 clare
1736 1094 1774 1116 ac
1804 1083 1912 1116 lucide
1941 1086 1973 1116 in
2001 1086 2185 1129 premissis.

319 1145 405 1178 Acta
442 1149 492 1178 est
528 1149 678 1190 pretacta
713 1144 891 1178 translacio
922 1147 1115 1178 monasterii
1145 1155 1232 1177 anno
1262 1146 1508 1177 incarnacionis
1538 1144 1661 1177 domini
1690 1140 1846 1177 M⁰CCCO
1876 1147 2096 1189 nonagesimo
2124 1141 2187 1178 1110

319 1208 350 1238 in
381 1204 467 1239 festo
497 1210 613 1239 sancte
643 1209 675 1238 et
703 1205 874 1239 individue
904 1207 1069 1239 trinitatis.

631 1358 725 1400 (Orig.
750 1363 833 1397 Perg.
858 1362 909 1388 mit
934 1363 950 1388 2
976 1363 1101 1397 auliang.
1126 1362 1183 1395 Sig.
1209 1361 1245 1386 im
1271 1370 1306 1388 m.
1325 1361 1590 1392 Lamles-Arehive,
1604 1361 1667 1389 Art..
1685 1360 1757 1387 Olm.
1776 1361 1952 1395 Augustiner
1968 1361 2010 1387 lit.
2027 1361 2063 1389 G.
2080 1371 2108 1387 n.
2128 1360 2189 1396 15.)

1207 1610 1308 1645 156.

320 1705 394 1739 Der
426 1705 640 1738 (Jbrowitzer
668 1705 738 1739 Abi
765 1705 952 1739 dar-ostans-
980 1705 1181 1748 bemcftrafs!
1219 1705 1283 1738 (len
1314 1704 1460 1749 Ps'arrer
1499 1716 1563 1738 aon
1603 1705 1751 1739 illesis-ic?
1786 1706 1854 1739 und
1891 1704 1977 1747 Bor,
2016 1705 2098 1739 dass
2136 1706 2187 1739 sie

319 1767 374 1799 die
410 1766 557 1810 Psarrei·
593 1765 742 1802 Bolulal.
782 1765 896 1799 ,ΙαηΙεο
934 1769 996 1799 ele.
1037 1777 1109 1798 zum
1144 1765 1310 1798 Schlasse
1345 1766 1405 1799 (les
1444 1765 1612 1799 zwiselzeu
1648 1765 1748 1799 ihuen
1778 1766 1846 1799 und
1879 1766 1943 1799 den
1972 1765 2186 1799 Altbrez'nner

516 1826 741 1860 [irent-herrm
772 1826 991 1869 anluiuffl'yen
1023 1826 1208 1859 Processes
1239 1827 1372 1859 (itii-en.
1404 1825 1462 1859 Dt.
1497 1825 1671 1860 Obrowz'tz
1700 1826 1733 1860 2.
1763 1826 1848 1859 Junz'
1876 1825 1987 1860 1393.

478 1920 673 1973 Jaroslaus
713 1942 935 1973 miseracione
965 1939 1076 1973 dlvina
1105 1938 1209 1972 abbas
1239 1943 1433 1973 monasterii
1463 1939 1559 1973 beate
1589 1943 1730 1985 virginis
1759 1939 2055 1975 Zabi-‹lewiceusis
2084 1950 2189 1986 prope

321 2001 465 2034 Brunain
487 2001 612 2033 ordinis
632 2000 965 2035 Pronionsirateusis.
997 1999 1231 2033 Oloniucensis
1261 1999 1418 2043 diocesis⁷
1443 2001 1550 2044 judex
1570 2006 1601 2034 et
1623 2006 1846 2035 conservator
1866 2006 2046 2047 perpetuus
2062 2003 2187 2045 jurium

321 2067 352 2095 et
389 2061 643 2107 privilegiorum
684 2059 926 2093 honorabilium
957 2063 1106 2093 virorum
1137 2060 1347 2094 dominorum
1379 2064 1529 2105 magistri
1559 2066 1591 2095 et
1621 2061 1757 2094 l'ratruin
1788 2061 1913 2095 ordinis
1942 2061 2187 2095 cruciferorum

321 2122 492 2167 hospitalis
518 2124 623 2155 sancti
652 2120 814 2154 {lobannis
833 2120 1095 2154 Jerosoliinitani
1126 2132 1187 2153 una
1219 2132 1293 2154 cuin
1323 2121 1395 2155 aliis
1425 2126 1546 2156 nostris
1576 2125 1607 2155 in
1638 2122 1699 2155 liac
1728 2127 1822 2168 parte
1851 2122 1991 2166 collegis
2020 2121 2141 2155 dudum
2171 2132 2189 2155 a

320 2183 401 2216 sede
439 2182 621 2227 apostolica
658 2181 849 2227 specialiter
875 2181 1061 2226 deputatus.¹
1093 2180 1343 2215 honorabililms
1375 2187 1407 2215 et
1435 2183 1588 2217 discretis
1620 2186 1701 2217 viris
1730 2183 1871 2216 dominis
1901 2185 1931 2216 in
1960 2182 2189 2229 Mezyrzyecz

320 2246 351 2276 in
391 2243 478 2276 Bora
522 2242 720 2276 bohemieali
750 2246 781 2275 et
810 2244 840 2274 iu
870 2244 1034 2286 superiori
1064 2241 1246 2275 Bobrowia
1278 2242 1497 2276 ecclesiarum
1527 2243 1677 2289 plebanis
1707 2248 1738 2277 et
1766 2242 1954 2277 rectoribus
1984 2243 2071 2276 dicte
2102 2242 2190 2277 Olo-

323 2307 490 2338 mucensis
530 2305 675 2337 diocesis
714 2308 770 2336 aut
806 2305 901 2336 vices
939 2302 1140 2345 gerentibus
1180 2303 1318 2336 salutem
1357 2306 1386 2336 in
1417 2304 1551 2337 domino
1581 2309 1613 2337 et
1642 2304 1804 2338 mandatis
1832 2307 1955 2338 nostris
1985 2306 2050 2337 imo
2078 2306 2193 2338 verius

321 2366 512 2410 apostolicis
542 2365 680 2398 firmiter
709 2363 857 2397 obedire.
914 2363 1123 2396 Discreeioni
1154 2369 1269 2397 v‹·su·‹·
1309 2367 1339 2397 in
1371 2367 1493 2398 virtute
1522 2370 1637 2398 sancte
1666 2365 1863 2398 obediencie
1893 2369 1925 2397 et
1953 2364 2014 2398 sub
2043 2375 2190 2398 excom-

322 2428 560 2459 inunieacionis
599 2436 695 2470 pena,
738 2435 835 2469 quam
875 2426 905 2457 in
945 2434 1007 2457 vos
1045 2434 1162 2457 ornnes
1201 2429 1229 2456 el
1270 2425 1420 2465 singulos
1459 2437 1498 2458 ac
1536 2425 1715 2470 quemlibet
1751 2430 1900 2459 vestrum
1945 2427 2040 2458 triuin
2080 2429 2191 2458 tamen

321 2486 447 2519 dierum
479 2489 639 2519 canonica
671 2488 858 2518 inonicione
887 2487 1049 2529 premissa
1080 2484 1216 2518 ferimus
1239 2488 1268 2518 in
1287 2485 1336 2519 liis
1357 2489 1501 2531 scriptis„
1523 2489 1549 2519 si
1571 2498 1609 2519 ea
1631 2497 1695 2519 non
1718 2486 1877 2529 feceritis,
1898 2496 1962 2531 que
1983 2486 2188 2529 mandamuS‚

322 2546 509 2579 ‹listi-iccius
538 2546 754 2591 precipiendo
785 2546 991 2585 mandantes„
1022 2549 1186 2590 quatenns
1217 2546 1381 2580 discretos
1413 2550 1503 2581 viros
1533 2548 1685 2581 dominos
1715 2546 1897 2580 Bolidalum
1920 2549 1951 2580 in
1973 2545 2187 2580 theotonicali

322 2606 480 2652 Kinlieyt.
516 2607 704 2640 Jantwnvn·
745 2610 775 2639 in
807 2605 1011 2647 Boin-owka,
1042 2605 1264 2639 llliclialielein
1295 2609 1325 2639 in
1357 2608 1505 2641 inferiori
1535 2608 1704 2642 Bobrovia
1735 2612 1767 2641 et
1796 2607 1980 2651 Georgium
2012 2609 2044 2640 in
2075 2606 2188 2641 Ohecz

323 2669 542 2701 eeclesiarum
582 2668 741 2713 plebanos
780 2672 812 2701 et
848 2672 1000 2701 rectores
1039 2667 1125 2700 dicte
1174 2667 1407 2701 (lloinucensis=
1451 2669 1596 2702 diocesis
1644 2668 1865 2714 personaliter
1908 2671 2063 2701 inventos
2106 2667 2186 2701 alias
