2313 3090
1038 182 1110 216 465

1014 338 1121 374 526.

139 410 217 445 Das
246 411 522 445 Nonueulslosler
552 414 583 445 iu
617 413 784 447 Pustt'mi‘s-
814 420 957 449 e'l'lwlml
989 419 1073 450 :orei
1100 416 1342 451 Scleietlsleule
1367 420 1426 461 fiir
1456 419 1518 451 (1ιή
1541 418 1815 463 Seleiedssprucla
1838 420 2003 453 zerim-heu

137 472 211 506 (lem
249 476 445 516 qenameteu.
487 473 627 506 Ii'losler
668 476 734 507 uml
771 476 842 508 dem
885 477 1024 511 li'loster
1063 478 1237 511 Smilbeim
1274 480 1305 511 in
1355 478 1538 513 ll''isou·il:-.
1580 479 1636 512 Dt.
1672 479 1728 513 19.
1763 480 1861 513 ,Um-:-
1893 480 2002 515 1399.

293 548 336 602 ln
368 572 502 602 nomine
532 570 654 603 domini
685 582 794 604 amen.
830 571 927 605 Anno
949 576 1130 606 nativitatis
1152 574 1301 617 ejusdem
1325 574 1499 607 millesimo
1523 578 1760 608 trecentesimo
1781 579 2002 621 nonagesimo

135 642 236 673 nono,
267 631 457 665 indiccione
487 634 641 676 septima.
672 632 724 665 die
754 644 837 665 vero
868 633 995 666 decima
1027 645 1111 667 nona
1143 637 1266 667 mensis
1296 634 1423 668 Marcii.
1457 635 1537 668 liora
1570 647 1787 680 vesperarum
1820 637 1873 670 vel
1895 641 2000 682 quasi.

135 694 167 725 in
205 694 410 725 monasterio
445 691 588 724 Pustmir
623 695 653 725 in
683 692 865 726 sciet-uuio
896 694 1037 728 estivali.
1069 694 1123 727 ubi
1154 694 1276 728 devote
1307 698 1456 738 virgines
1487 695 1525 728 ad
1566 696 1807 730 comedemlum
1847 709 2000 742 congre-

134 757 268 798 gantur,
298 752 507 798 pontificatus
537 756 736 786 sanctissimi
768 757 797 787 in
830 754 961 788 Christo
993 758 1093 800 patris
1123 760 1153 789 et
1175 756 1298 789 domini
1321 756 1443 789 domiui
1466 756 1627 790 Bonisaeii
1649 757 1759 790 ‹livina
1782 759 1999 803 providencia

135 825 219 860 pape
258 816 336 847 noni
359 824 445 847 anno
476 816 578 859 ipsius
608 814 751 849 docimo.
783 818 811 847 in
845 819 906 848 mei
938 819 1054 849 notarii
1086 816 1206 861 publici
1236 820 1267 849 et
1297 819 1427 849 testium
1459 816 1721 862 subscriptorum
1753 822 1928 863 presencia
1958 820 1998 853 ad

135 874 199 908 hoc
233 879 430 908 vocatorum
469 879 501 907 et
539 879 745 919 rogatorum.
786 880 965 909 constitute
1001 877 1224 922 personaliter
1261 876 1474 911 venerabiles
1513 882 1542 910 et
1582 878 1644 911 deo
1684 879 1807 912 devote
1838 881 1999 913 moniales

132 935 221 970 Jutta
251 935 430 978 abbatissa.
462 934 578 968 Prziba
610 935 773 969 bursaria.
805 936 902 970 Anna
926 940 1098 982 priorissa.
1118 937 1224 983 Byeia
1247 941 1388 972 cantrix.
1411 938 1545 972 Kaczka
1568 942 1719 974 sacrista.
1744 940 1840 973 Anka
1862 941 1997 978 celaria.

133 999 268 1031 nomine
297 999 403 1030 tocius
434 1001 621 1030 conventus
652 1000 844 1030 monasterii
877 1001 905 1030 in
936 997 1103 1043 Pustmyr.
1134 999 1273 1043 predicti
1304 999 1464 1032 ordininis
1494 1003 1599 1033 sancti
1622 999 1806 1035 Benedicti.
1828 1013 1945 1035 omnes
1966 1005 1997 1035 in

132 1057 274 1092 solidum
306 1057 498 1091 melioribus
528 1058 637 1091 modo.
669 1060 722 1090 via
754 1062 782 1090 et
815 1059 920 1091 l'orma
951 1063 980 1091 et
1006 1060 1084 1102 jure
1114 1058 1231 1103 quibus
1263 1059 1378 1092 melius
1404 1064 1435 1092 et
1456 1059 1627 1093 efficacius
1648 1060 1734 1094 dicte
1756 1065 1997 1095 constituentes

132 1118 246 1152 facere
285 1122 465 1164 potuerunt
493 1122 524 1151 et
554 1117 752 1151 debuerunt.
784 1122 1025 1153 constituerunt
1054 1125 1087 1153 et
1115 1120 1357 1153 ordinaverunt
1385 1131 1463 1153 suos
1494 1132 1607 1154 veros.
1638 1121 1804 1165 legitimos
1835 1127 1864 1155 et
1896 1123 1996 1156 indu-

131 1179 252 1214 bitatos
290 1184 541 1225 procuratores.
579 1183 725 1214 actores.
766 1180 923 1217 l'actores,
961 1184 1179 1225 negociorum
1218 1192 1353 1214 suorum
1391 1185 1547 1225 gestores
1584 1186 1615 1214 et
1652 1185 1790 1215 nuncios
1820 1184 1996 1228 speciales.

132 1239 346 1275 honorabiles
375 1244 407 1273 et
436 1240 600 1273 discretos
630 1242 722 1273 viros
753 1240 904 1273 dominos
935 1241 1192 1276 Bertbrandum.
1214 1246 1381 1275 rectorem
1404 1242 1548 1275 ecclesie
1569 1242 1769 1287 parochialis
1791 1246 1821 1276 in
1843 1244 1997 1284 Pusanir.

131 1306 164 1336 et
191 1304 402 1347 provisorem
434 1304 578 1346 ipsarum
609 1305 813 1345 presentem.
845 1307 873 1334 et
905 1313 988 1335 onus
1020 1303 1208 1345 hujusmodi
1239 1306 1466 1348 procuratoris
1495 1306 1526 1336 in
1547 1314 1583 1336 se
1605 1308 1724 1348 sponte
1746 1307 1995 1350 suscipientem.

131 1367 163 1397 et
200 1365 395 1408 magistrum
431 1361 597 1395 Jaxonein
634 1362 674 1395 de
710 1361 854 1395 Melnico
893 1363 1077 1400 absentem.
1117 1368 1283 1409 tamquam
1322 1368 1525 1409 presentem.
1567 1364 1683 1398 ambos
1722 1367 1751 1397 in
1783 1365 1923 1399 solidum
1954 1367 1993 1399 ad

130 1423 320 1469 eligendum
350 1428 383 1457 et
411 1424 747 1468 compromittendum
779 1435 838 1470 pro
870 1427 947 1470 ipsis
978 1430 1009 1457 et.
1038 1436 1151 1459 earum
1184 1428 1317 1458 nomine
1347 1424 1407 1458 sub
1437 1429 1527 1458 certa
1559 1436 1643 1470 pena
1674 1426 1814 1458 valitura
1842 1429 1873 1459 iu
1895 1438 1994 1460 causa

129 1489 284 1519 vertente
313 1487 399 1518 inter
427 1487 527 1530 ipsas.
558 1496 597 1518 ae
627 1484 780 1518 abbatem
812 1490 841 1518 et
872 1490 1074 1519 conventum
1107 1489 1299 1519 monasterii
1329 1490 1444 1519 sancte
1473 1485 1580 1520 Mai-ie
1610 1489 1642 1520 in
1672 1485 1882 1532 Smylllieym
1914 1488 1995 1521 alias

128 1548 160 1580 in
188 1545 404 1592 WyzowiCZ‚
435 1545 561 1579 ordinis
591 1545 837 1587 Cisterciensis,
868 1551 961 1591 parte
991 1558 1034 1579 ex
1063 1547 1180 1583 altera.
1210 1549 1241 1579 in
1271 1551 1382 1580 certos
1412 1546 1567 1582 arbitros.
1598 1546 1816 1581 arbitratores
1847 1553 1878 1581 et
1904 1551 1994 1581 ami-

128 1606 255 1641 cabiles
292 1610 548 1652 compositores.
587 1611 619 1640 et
655 1607 695 1640 ad
735 1607 1007 1640 eonem-damlum
1044 1618 1103 1652 pro
1143 1610 1222 1652 ipsis
1258 1612 1289 1640 et
1319 1618 1432 1640 earum
1464 1611 1597 1641 nomine
1626 1608 1877 1653 paciscendum.
1909 1620 1994 1654 pro—

127 1671 380 1702 nunciacionem
420 1667 620 1701 audiendam
660 1672 692 1701 et
727 1668 967 1701 ratilicandum.
1007 1671 1111 1701 eciam
1149 1671 1173 1701 si
1210 1670 1337 1711 maJ'ora
1370 1668 1489 1709 forent.
1521 1668 1596 1706 hiis.
1627 1680 1690 1714 que
1721 1672 1751 1702 iu
1782 1669 1993 1715 presentibus

127 1732 351 1764 continentur.
380 1732 612 1774 promittentes
642 1734 675 1763 et
703 1729 951 1774 spopoinlentes
982 1732 1140 1762 universa
1172 1734 1203 1762 et
1232 1730 1361 1774 singula
1393 1741 1452 1775 per
1482 1730 1588 1763 (lietos
1618 1735 1870 1775 procuratores.
1907 1735 1992 1773 aeta„

127 1794 222 1835 gesta
261 1794 293 1823 et
328 1789 428 1832 sacta.
466 1789 572 1823 firma.
611 1795 681 1823 rata
712 1794 743 1823 et
771 1794 866 1829 grata
897 1794 1024 1823 tenere.
1055 1794 1084 1823 et
1116 1789 1352 1823 inviolabiliter
1381 1790 1567 1823 observare
1597 1790 1755 1835 quelibet.
1786 1796 1818 1824 ct
1847 1791 1993 1836 quelibet

127 1853 381 1897 premissorum.
420 1862 483 1884 nec
520 1850 586 1884 ullo
623 1855 774 1896 tempore
811 1862 871 1896 per
909 1862 956 1883 se.
996 1855 1047 1883 aut
1087 1851 1168 1883 alios
1205 1854 1419 1896 interpositas
1448 1862 1611 1897 personas
1641 1856 1756 1885 contra
1789 1853 1902 1886 facere
1932 1864 1991 1886 seu

127 1915 365 1946 contravenire
395 1915 631 1957 promiserunt.
663 1915 768 1945 eciam
800 1912 876 1945 mihi
908 1914 1037 1944 notario
1067 1911 1267 1957 subscripto.
1314 1916 1467 1956 tanquam
1498 1923 1644 1957 persone
1675 1912 1806 1958 publice
1837 1918 1868 1946 et
1905 1913 1991 1947 fideli

126 1976 202 2009 vice
231 1978 264 2007 et
292 1975 427 2006 nomine
457 1976 616 2008 omnium.
647 1984 787 2018 quorum
819 1976 967 2006 interest.
999 1978 1049 2005 aut
1083 1972 1282 2007 interfuerit.
1312 1984 1445 2018 quoquo
1468 1974 1565 2006 modo
1586 1974 1807 2019 solempniter
1827 1975 1988 2020 stipulari.

121 2035 250 2079 judicio
286 2037 358 2068 sisti
396 2039 428 2068 et
460 2034 644 2078 judicatum
684 2034 770 2067 solvi
809 2033 869 2067 sub
909 2033 1073 2079 ypotheca
1115 2038 1146 2065 et
1175 2032 1386 2072 oble-racione
1416 2037 1561 2067 onmium
1592 2046 1704 2067 rerum
1735 2046 1870 2068 suarum
1901 2047 1990 2080 qua-

125 2107 344 2141 rumcumque
373 2097 583 2141 presencium
613 2100 667 2128 aut
698 2095 893 2129 suturarum
927 2095 1009 2127 ‚teia
1041 2098 1112 2127 suut
1145 2094 1207 2126 lieo
1237 2098 1266 2126 et
1299 2093 1384 2127 l'acta
1415 2105 1513 2130 anno.
1544 2094 1745 2130 indiccione.
1776 2096 1840 2134 die.
1864 2107 1990 2132 mense,

125 2156 207 2190 hora
247 2156 456 2202 pontificatus
495 2161 525 2189 et
562 2156 635 2189 loco
675 2156 793 2201 quibus
831 2167 942 2200 supra.
981 2154 1190 2200 presentibus
1221 2154 1470 2188 honorabilibus
1501 2161 1531 2188 et
1562 2156 1715 2189 discretis
1745 2159 1827 2189 viris
1857 2157 1990 2190 domino

124 2216 278 2251 Johanne
317 2217 357 2251 de
393 2216 547 2250 Pnstimir
583 2221 615 2249 et,
654 2216 750 2250 Petro
789 2216 829 2249 (le
860 2216 1021 2250 wissaw.
1054 2218 1189 2248 vicariis
1219 2220 1251 2248 et
1280 2216 1460 2260 capellanis
1490 2217 1567 2249 dicti
1598 2217 1732 2250 claustri
1764 2220 1793 2250 iu
1825 2217 1988 2251 l'ustimir.

125 2277 262 2312 testibus
283 2278 322 2311 ad
343 2280 507 2322 premissa
529 2277 720 2322 specialiter
740 2280 871 2310 vocatis
892 2281 921 2309 et
946 2279 1082 2314 rogatis.
1115 2276 1152 2309 Et
1184 2288 1248 2319 ego
1281 2276 1435 2309 Andreas
1467 2277 1612 2310 lluzonis
1643 2278 1683 2310 ‹le
1714 2278 1823 2313 Ossla.
1847 2277 1988 2311 clericus

125 2338 360 2373 olomucensis
398 2338 553 2372 diocesis.
591 2338 740 2383 publicus
776 2338 935 2383 imperiali
972 2340 1169 2370 auctoritate
1206 2340 1367 2379 notarius.
1406 2338 1567 2371 (lictorum
1605 2343 1858 2383 procuratorum
1900 2350 1987 2371 eon-

123 2402 302 2433 stitucioni.
333 2410 395 2432 nec
424 2410 488 2432 non
519 2398 673 2432 omnibus
703 2403 736 2431 et
764 2398 904 2437 singulis
933 2409 1031 2442 supra
1064 2398 1172 2431 dictis.
1203 2398 1277 2431 dum
1308 2401 1355 2431 sie
1387 2398 1505 2432 tierent
1534 2403 1566 2431 et
1595 2404 1788 2443 agerentur.
1820 2410 1881 2432 una
1913 2411 1986 2432 cam

123 2462 349 2507 prenunciatis
380 2459 517 2492 testibus
548 2470 687 2505 presens
717 2460 862 2493 interl'ui.
893 2470 998 2503 eaque
1029 2462 1074 2491 sic
1106 2458 1187 2492 lieri.
1219 2459 1285 2491 vidi
1315 2463 1347 2491 et
1375 2460 1500 2501 audivi.
1524 2463 1698 2505 ipsumque
1721 2463 1986 2504 procuratorium

122 2533 183 2568 per
211 2522 309 2555 alium
339 2520 450 2558 scribi,
483 2531 534 2553 mc
563 2520 635 2553 aliis
664 2523 816 2564 negociis
846 2524 1019 2564 occupato.
1051 2522 1241 2564 procuravi.
1272 2524 1303 2551 et
1332 2522 1362 2552 in
1394 2519 1478 2553 lianc
1509 2520 1672 2565 publicam
1696 2520 1834 2552 l'ormam
1858 2520 1985 2559 rodem.

121 2585 287 2628 signoque
317 2586 349 2614 et
379 2584 511 2614 nomine
541 2584 623 2613 meis
653 2582 821 2613 consuetis
852 2583 1048 2620 consignavi
1081 2583 1110 2612 in
1142 2582 1363 2613 testiinonium
1395 2583 1541 2614 munium
1574 2584 1824 2625 premissorum.

434 2660 563 2685 (inserti-r
591 2659 616 2684 in
643 2668 669 2686 ιι,
699 2660 784 2692 53(t,)

1778 2713 1816 2735 siit
