2313 3090
988 358 1093 396 105.

99 446 174 480 Der
197 445 370 479 Olmztz-er
390 444 542 489 Biscleof
556 444 727 478 Ait-olaus
745 445 888 478 rerleilet
919 446 1039 487 denen,
1073 445 1199 479 welche
1228 457 1290 478 zm·
1320 444 1513 487 Erbammy
1543 444 1603 477 der
1643 443 1817 476 0101111501
1838 443 1970 476 ΚῖιὌΙιε

235 506 444 549 beisteuern,
482 507 581 539 einen
618 505 748 539 Abla-es
780 517 842 539 ron
872 506 921 539 40
954 505 1081 549 Toyen.
1116 505 1174 540 Dt.
1210 505 1343 538 Olmiltz·
1371 504 1432 539 30.
1464 503 1668 549 September
1700 503 1810 537 1392.

249 582 427 637 Nicolaus
457 602 509 636 dei
538 607 570 636 et
600 602 783 648 apostolice
813 602 903 636 sedis
932 605 1048 647 gracia
1079 605 1257 648 episcopus
1289 601 1523 635 Olomucensis
1552 602 1721 634 universis
1751 603 1783 632 et
1827 597 1968 643 singulis

68 663 246 710 *plebanis
283 663 512 709 viceplebanis
549 664 769 697 ecclesiarum
807 663 1047 709 parochialium
1087 667 1119 697 et
1144 663 1347 709 capellarum
1385 661 1585 704 rectoribus.
1624 666 1677 694 aut
1712 665 1844 694 vestras
1875 662 1969 693 vices

95 723 289 770 gerentibus
318 735 379 770 per
395 728 427 757 et
455 723 541 758 infra
570 727 738 758 civitatem
770 728 802 758 et
831 724 990 758 diocesim
1013 724 1271 758 Olomucensem
1302 725 1499 760 constitutis
1522 725 1575 768 qui
1604 721 1817 768 presentibus
1846 720 1969 754 fuerint

94 787 256 831 requisiti,
285 788 435 830 graciam
465 784 564 819 vobis
593 789 626 818 et
654 796 771 830 pacem
802 796 819 817 a
849 785 924 820 (100.
956 787 1009 830 qui
1039 789 1090 818 est
1117 796 1201 819 vera
1231 787 1378 818 omnium
1409 784 1510 818 salus.
1568 783 1740 817 Carissimi
1770 785 1801 816 111
1832 782 1967 816 domiuo

97 845 217 880 dilecti.
275 845 311 880 Si
341 846 453 880 divine
491 848 674 879 maiestatis
702 848 852 890 graciam
883 848 1083 892 propensius
1113 846 1379 887 consideremus‚
1419 848 1473 890 qui
1503 855 1563 878 nos
1593 855 1659 877 non
1689 846 1813 877 nostris
1842 845 1969 876 meritis

97 906 155 941 sed
198 906 286 941 dono
328 918 388 941 sue
430 910 546 952 gracie
588 909 694 952 gratis
733 906 858 951 largire
895 907 1049 951 dignatus
1087 910 1149 940 est.
1188 910 1221 939 ut
1260 917 1412 939 essemus
1451 908 1555 939 sancti
1591 909 1689 950 atque
1719 903 1908 937 inmaculati
1938 907 1971 937 et

97 967 340 1013 predestinavit
375 978 437 1001 1105
466 970 499 1001 10
527 967 747 1013 adopcionem
778 966 918 1000 filiorum
949 966 1132 1001 secundum
1162 969 1368 1012 propositum
1399 977 1458 1000 sue
1487 965 1679 999 voluntatis.
1717 967 1771 1010 qui
1801 966 1907 997 eciam
1937 966 1969 997 111

96 1027 192 1063 001115
221 1032 380 1074 operatur
407 1027 496 1062 velle
525 1027 647 1062 bonum
679 1033 710 1061 et
739 1027 904 1074 perficere
932 1039 992 1074 pro
1022 1039 1081 1061 sua
1111 1027 1294 1069 voluntate,
1325 1027 1460 1071 dignum
1492 1031 1523 1060 et
1539 1028 1663 1071 justum
1686 1030 1878 1071 reputamus
1904 1029 1969 1058 tani

98 1093 193 1135 grata
223 1088 386 1123 beneficia
417 1087 511 1122 nobis
540 1093 636 1133 grata
666 1099 829 1122 concessa
859 1088 958 1133 digna
990 1091 1149 1122 memoria
1179 1088 1374 1122 revolvere.
1405 1088 1538 1121 devotis
1560 1086 1723 1120 mentibus
1744 1096 1968 1131 cognoscere.

97 1149 282 1195 debitisque
318 1149 469 1183 laudibus
509 1149 674 1183 extollere
703 1153 735 1182 et
765 1160 852 1191 eum,
896 1160 994 1194 quem
1025 1149 1087 1183 celi
1116 1154 1147 1182 et
1177 1154 1265 1183 terra
1297 1160 1363 1183 11011
1393 1152 1537 1194 capiunt„
1568 1148 1685 1182 saltem
1711 1149 1809 1192 justis
1839 1150 1906 1180 suis
1936 1151 1969 1180 et

96 1213 256 1257 precipue
284 1213 482 1244 intemerata
512 1213 582 1244 eius
611 1212 777 1256 genitrice
807 1221 942 1256 semper
970 1213 1105 1255 virgine
1133 1209 1252 1246 Maria.
1295 1209 1401 1243 beatis
1431 1214 1463 1243 et
1491 1209 1648 1254 gloriosis
1679 1208 1777 1242 Petro
1808 1213 1838 1241 01
1868 1207 1969 1241 Ρο010

97 1272 268 1318 apostolis,
298 1271 505 1305 Wenceslao
535 1276 566 1305 et
597 1270 740 1305 Cristiuo
771 1271 972 1313 martiribus,
1003 1270 1129 1317 Cyrillo
1160 1275 1192 1305 et
1221 1270 1368 1305 Metudio
1399 1273 1565 1316 episcopis
1595 1275 1627 1303 et
1656 1268 1909 1303 confessoribus
1930 1280 1969 1302 ac

97 1335 219 1367 eximia
249 1335 382 1377 virgine
412 1331 568 1376 Cordula,
599 1344 682 1378 quos
712 1333 890 1367 altissimus
920 1336 1055 1366 nostros
1084 1332 1186 1377 elegit
1215 1336 1327 1378 patres
1357 1332 1431 1365 fore
1460 1335 1492 1364 et
1512 1335 1683 1377 patronos„
1713 1333 1774 1376 piis
1795 1332 1968 1375 suscipere

99 1393 282 1427 affectimus
320 1391 419 1439 (sie),
459 1393 580 1427 divinis
606 1393 775 1427 honorare
812 1393 982 1438 obsequiis
1016 1398 1048 1426 et
1077 1393 1118 1426 de
1147 1392 1243 1427 bonis
1273 1404 1291 1426 a
1321 1393 1383 1426 deo
1413 1391 1509 1425 nobis
1539 1391 1667 1425 collatis
1698 1391 1784 1424 diem
1816 1395 1969 1424 extreme

100 1457 276 1489 messionis
305 1453 401 1488 bonis
431 1453 590 1500 operibus
620 1457 814 1500 prevenire,
844 1459 878 1487 111
907 1457 937 1487 111
968 1453 1211 1488 benediccione
1240 1456 1445 1487 seminantes
1466 1453 1506 1486 de
1536 1452 1777 1486 benediccione
1808 1455 1971 1484 metamus

99 1519 202 1550 vitam
231 1519 393 1549 eternam.
431 1514 522 1549 Sane
552 1527 625 1549 cum
655 1515 860 1549 venerabilis
889 1526 1012 1560 sponsa
1041 1519 1156 1549 nostra
1186 1519 1218 1548 et
1247 1514 1369 1548 illibata
1400 1518 1506 1548 mater
1535 1518 1648 1547 vestra
1679 1517 1793 1546 sancta
1825 1511 1970 1545 0101110·-

99 1579 209 1611 000515
239 1576 395 1619 ecclesia,
426 1587 490 1621 que
519 1576 606 1610 dono
637 1579 741 1610 sancti
772 1579 905 1622 spiritus
935 1586 998 1609 vos
1028 1576 1167 1610 dilectos
1196 1578 1280 1609 sicut
1309 1580 1442 1610 ceteros
1464 1586 1542 1610 51105
1569 1574 1652 1608 111105
1673 1573 1713 1607 ad
1735 1577 1836 1607 vitam
1857 1575 1971 1617 genuit

99 1649 173 1671 cum
211 1636 339 1680 labore,
377 1639 462 1670 sicut
497 1636 631 1671 cottidie
674 1648 763 1671 nove
802 1637 904 1683 prolis
941 1637 1067 1681 gaudet.
1104 1640 1257 1681 germine
1295 1639 1495 1682 genitosque
1524 1639 1586 1682 piis
1616 1637 1716 1669 nutrit
1745 1633 1902 1667 uberibus
1932 1644 1971 1666 ac

98 1702 240 1733 nutritos
269 1698 404 1732 uberius
434 1697 527 1732 fovet
556 1698 704 1732 moribus
725 1702 757 1732 et
779 1698 954 1744 exemplis,
985 1702 1017 1730 ut
1037 1700 1108 1731 sine
1130 1697 1266 1742 querela
1288 1700 1319 1731 iu
1340 1700 1440 1731 vinea
1462 1697 1583 1730 domini
1604 1699 1760 1730 viventes
1782 1704 1972 1728 mereamur

103 1771 179 1794 esse
208 1762 388 1806 participes
417 1762 514 1804 regni
545 1759 609 1799 dei,
639 1762 671 1792 111
701 1758 839 1793 edificiis
869 1762 937 1793 suis
967 1762 998 1791 et
1027 1758 1099 1791 aliis
1129 1757 1344 1792 cottidianum
1365 1761 1516 1804 paciatur
1536 1757 1717 1799 defectum.
1747 1758 1801 1801 qui
1822 1755 1862 1788 de
1883 1753 1972 1787 facili

54 1833 60 1837 ·
99 1820 277 1855 reformari
305 1831 372 1854 non
402 1820 493 1853 valet
521 1822 593 1854 sine
623 1820 814 1854 elemosinis
844 1819 987 1853 fidelium
1018 1830 1062 1852 ex
1091 1829 1143 1854 eo.
1174 1818 1260 1863 quod
1289 1821 1321 1852 in
1351 1818 1415 1852 1100
1444 1820 1557 1862 magni
1587 1821 1736 1863 sumptus
1766 1821 1797 1849 et
1822 1826 1972 1861 expense

101 1884 325 1927 requirantur,
362 1884 512 1915 vestram
557 1880 800 1915 discrecioneni
844 1879 1055 1927 presentibus
1093 1882 1275 1925 aquirimus
1318 1883 1351 1912 01
1393 1879 1566 1912 hortamur
1595 1881 1756 1912 seriosius
1802 1876 1898 1910 vobis
1941 1880 1973 1909 et

103 1946 251 1977 vestrum
291 1940 423 1975 cuilibet
463 1944 495 1975 in
532 1944 656 1975 virtute
694 1946 810 1976 sancte
849 1940 1045 1975 obediencie
1085 1945 1117 1974 et
1145 1939 1205 1974 sub
1236 1941 1602 1974 excommunicacionis
1631 1950 1715 1984 pena
1746 1941 1971 1982 iniungentes‚

103 2007 264 2048 quatenus
293 2005 364 2037 sitis
393 2002 493 2036 electi
521 2002 573 2036 dei
603 2002 713 2036 induci
743 2002 930 2037 visceribus
960 2004 1094 2035 nomine
1124 2000 1248 2034 domini
1268 2003 1373 2034 nostri
1401 2000 1482 2034 Jesu
1513 1999 1635 2033 Christi
1666 2003 1729 2032 tam
1761 2002 1912 2032 sanctum
1943 2001 1975 2031 et

102 2066 189 2110 pium
218 2066 410 2109 negocium,
446 2063 533 2109 quod
563 2063 658 2098 nobis
688 2075 825 2110 prorsus
855 2063 949 2097 cordi
978 2065 1101 2105 existit,
1133 2073 1206 2096 cum
1238 2061 1366 2095 fueritis
1396 2072 1456 2107 per
1484 2063 1616 2094 nuntios
1646 2071 1705 2094 seu
1735 2063 1973 2105 procuratores

102 2124 142 2158 ad
180 2123 244 2158 hoc
282 2124 456 2170 deputatos
486 2136 546 2170 per
575 2124 752 2170 capitulum
782 2129 931 2159 nostrum
963 2123 1189 2157 Olomucense
1218 2125 1380 2168 requisiti,
1423 2121 1562 2166 singulis
1593 2119 1708 2154 diebus
1739 2119 1912 2152 dominicis
1942 2122 1975 2152 et

104 2184 232 2218 festivis
262 2187 294 2218 in
323 2184 476 2218 ecclesiis
504 2188 640 2228 vestris„
671 2196 769 2231 quum
801 2188 907 2219 maior
936 2184 1065 2218 affuerit
1095 2183 1206 2229 populi
1235 2182 1419 2216 multitudo.
1455 2184 1526 2215 sine
1557 2183 1803 2214 intermissione
1833 2178 1974 2212 fideliter

102 2255 306 2291 promovere
335 2247 458 2279 curetis
489 2250 521 2279 ct
550 2245 637 2280 diem
667 2246 831 2280 adventus
860 2249 1021 2292 ipsorum,
1051 2255 1149 2290 quem
1188 2243 1416 2289 sollempniter
1446 2242 1600 2276 volumus
1630 2240 1794 2274 celebrari
1825 2244 1857 2273 ut
1887 2239 1973 2273 diem

105 2305 319 2347 dominicum,
358 2304 445 2339 fideli
482 2306 604 2352 populo
633 2310 790 2341 nuntietis
829 2311 861 2340 et
894 2308 1037 2340 nuntiari
1076 2305 1205 2339 faciatis
1244 2309 1275 2338 et
1313 2316 1387 2338 cum
1426 2304 1595 2347 diligentia
1626 2302 1785 2335 inducere
1814 2300 1974 2334 studeatis

103 2368 235 2399 monitis
277 2365 487 2407 salutaribus,
531 2371 565 2400 ut
606 2378 644 2401 se
687 2368 727 2401 ad
767 2371 1017 2413 susceptionem
1056 2366 1240 2400 eorundum
1279 2369 1549 2412 procurator-nnn
1587 2366 1618 2396 in
1657 2367 1815 2408 quantum
1846 2363 1974 2407 possint

104 2426 257 2460 devotius
287 2425 463 2471 disponant
492 2431 523 2460 et
553 2427 592 2461 ad
623 2428 753 2462 laudem
783 2429 946 2471 altissimi,
977 2431 1029 2473 qui
1060 2427 1267 2461 administrat
1288 2437 1404 2460 semen
1421 2427 1595 2460 seminanti
1617 2428 1646 2457 et
1669 2433 1788 2469 panem
1810 2421 1971 2468 prestabit

107 2485 399 2533 multiplicabitque
429 2491 461 2520 et
490 2487 625 2532 augebit
654 2488 819 2523 fructuum
850 2492 1069 2531 incrementa,
1112 2491 1340 2533 unusquisque
1370 2490 1465 2532 prout
1497 2483 1673 2518 destinabit
1702 2487 1733 2517 in
1770 2483 1872 2517 corde
1902 2494 1976 2526 suo,

106 2558 183 2582 suas
212 2547 414 2581 elemosinas
444 2547 616 2592 largiatur,
646 2553 679 2582 ut
708 2549 863 2584 voluntas
894 2561 1009 2583 corum
1040 2553 1192 2595 prompta
1222 2552 1360 2594 accepta
1382 2550 1500 2580 existat
1524 2545 1771 2587 50001111001111,
1802 2547 1855 2589 qui
1876 2543 1977 2578 habet

105 2611 137 2641 et
165 2618 231 2641 non
262 2618 305 2641 cx
335 2610 464 2641 tristitia
496 2608 549 2641 vel
578 2612 781 2643 necessitate
811 2622 884 2644 cum
916 2610 1067 2656 hylarem
1099 2610 1249 2643 datorem
1281 2608 1394 2653 diligat
1426 2636 1431 2641 .
1465 2634 1471 2640 .
1503 2634 1509 2640 .
1568 2605 1608 2639 Et
1638 2606 1712 2639 dum
1744 2608 1898 2639 venerint
1935 2605 1975 2638 ad

105 2668 191 2702 diem
234 2668 274 2701 ad
318 2667 382 2702 hoc
426 2671 644 2713 assignatum,
687 2680 749 2704 vos
792 2670 832 2704 ad
876 2670 1039 2704 honorem
1083 2670 1135 2704 dei
1174 2674 1205 2703 et
1243 2669 1457 2713 reliquiarum
1497 2667 1582 2700 dicte
1625 2666 1770 2700 ecclesie
1813 2665 1975 2700 Olomucz
