<?xml version="1.0" encoding="UTF-8"?>
<!DOCTYPE html PUBLIC "-//W3C//DTD XHTML 1.0 Transitional//EN"
    "http://www.w3.org/TR/xhtml1/DTD/xhtml1-transitional.dtd">
<html xmlns="http://www.w3.org/1999/xhtml" xml:lang="en" lang="en">
 <head>
  <title>
</title>
<meta http-equiv="Content-Type" content="text/html;charset=utf-8" />
  <meta name='ocr-system' content='tesseract 3.04.00' />
  <meta name='ocr-capabilities' content='ocr_page ocr_carea ocr_par ocr_line ocrx_word'/>
</head>
<body>
  <div class='ocr_page' id='page_1' title='image "./codexdiplomaticu12morauoft_0155.png"; bbox 0 0 2313 3090; ppageno 0'>
   <div class='ocr_carea' id='block_1_1' title="bbox 64 213 1987 1635">
    <p class='ocr_par' dir='ltr' id='par_1_1' title="bbox 64 213 1987 1635">
     <span class='ocr_line' id='line_1_1' title="bbox 1012 213 1080 248; baseline -0.015 0"><span class='ocrx_word' id='word_1_1' title='bbox 1012 213 1080 248; x_wconf 83' lang='lat'>139</span> 
     </span>
     <span class='ocr_line' id='line_1_2' title="bbox 109 317 1982 368; baseline -0.003 -14"><span class='ocrx_word' id='word_1_2' title='bbox 109 321 332 368; x_wconf 81' lang='lat' dir='ltr'>personaliter</span> <span class='ocrx_word' id='word_1_3' title='bbox 360 323 528 363; x_wconf 81' lang='lat' dir='ltr'>inventos.</span> <span class='ocrx_word' id='word_1_4' title='bbox 559 321 640 353; x_wconf 90' lang='lat' dir='ltr'>alias</span> <span class='ocrx_word' id='word_1_5' title='bbox 669 320 800 365; x_wconf 84' lang='lat' dir='ltr'>publice</span> <span class='ocrx_word' id='word_1_6' title='bbox 831 323 863 353; x_wconf 92' lang='lat' dir='ltr'>in</span> <span class='ocrx_word' id='word_1_7' title='bbox 893 319 1046 353; x_wconf 87' lang='lat' dir='ltr'>ecclesiis</span> <span class='ocrx_word' id='word_1_8' title='bbox 1076 322 1107 351; x_wconf 86' lang='lat' dir='ltr'>et</span> <span class='ocrx_word' id='word_1_9' title='bbox 1145 317 1297 351; x_wconf 79' lang='lat' dir='ltr'>domibus</span> <span class='ocrx_word' id='word_1_10' title='bbox 1336 320 1484 363; x_wconf 88' lang='lat' dir='ltr'>ipsorum</span> <span class='ocrx_word' id='word_1_11' title='bbox 1520 317 1558 350; x_wconf 85' lang='lat' dir='ltr'>ad</span> <span class='ocrx_word' id='word_1_12' title='bbox 1586 321 1717 350; x_wconf 82' lang='lat' dir='ltr'>nostras</span> <span class='ocrx_word' id='word_1_13' title='bbox 1755 319 1982 362; x_wconf 85' lang='lat' dir='ltr'>peremptorie</span> 
     </span>
     <span class='ocr_line' id='line_1_3' title="bbox 112 368 1984 427; baseline -0.003 -12"><span class='ocrx_word' id='word_1_14' title='bbox 112 384 218 416; x_wconf 86' lang='lat' dir='ltr'>citetis</span> <span class='ocrx_word' id='word_1_15' title='bbox 247 383 454 427; x_wconf 48' lang='lat' dir='ltr'>presencia&amp;</span> <span class='ocrx_word' id='word_1_16' title='bbox 486 391 569 426; x_wconf 88' lang='lat' dir='ltr'>quos</span> <span class='ocrx_word' id='word_1_17' title='bbox 599 384 630 413; x_wconf 90' lang='lat' dir='ltr'>et</span> <span class='ocrx_word' id='word_1_18' title='bbox 660 391 721 413; x_wconf 87' lang='lat' dir='ltr'>nos</span> <span class='ocrx_word' id='word_1_19' title='bbox 751 380 961 425; x_wconf 70' lang='lat' dir='ltr'>presentibus</span> <span class='ocrx_word' id='word_1_20' title='bbox 992 382 1143 422; x_wconf 69' lang='lat' dir='ltr'>citamus,</span> <span class='ocrx_word' id='word_1_21' title='bbox 1174 383 1206 412; x_wconf 87' lang='lat' dir='ltr'>ut</span> <span class='ocrx_word' id='word_1_22' title='bbox 1236 379 1288 412; x_wconf 87' lang='lat' dir='ltr'>dic</span> <span class='ocrx_word' id='word_1_23' title='bbox 1317 368 1608 424; x_wconf 46' lang='lat' dir='ltr'>sabati&#39;proximo</span> <span class='ocrx_word' id='word_1_24' title='bbox 1638 377 1796 411; x_wconf 78' lang='lat' dir='ltr'>videlicet</span> <span class='ocrx_word' id='word_1_25' title='bbox 1817 380 1848 410; x_wconf 89' lang='lat' dir='ltr'>in</span> <span class='ocrx_word' id='word_1_26' title='bbox 1869 378 1984 421; x_wconf 81' lang='lat' dir='ltr'>vigilia</span> 
     </span>
     <span class='ocr_line' id='line_1_4' title="bbox 110 437 1984 488; baseline -0.003 -13"><span class='ocrx_word' id='word_1_27' title='bbox 110 446 323 488; x_wconf 78' lang='lat' dir='ltr'>pentecostes</span> <span class='ocrx_word' id='word_1_28' title='bbox 352 451 466 474; x_wconf 87' lang='lat' dir='ltr'>coram</span> <span class='ocrx_word' id='word_1_29' title='bbox 496 440 591 474; x_wconf 87' lang='lat' dir='ltr'>nobis</span> <span class='ocrx_word' id='word_1_30' title='bbox 622 444 652 473; x_wconf 91' lang='lat' dir='ltr'>in</span> <span class='ocrx_word' id='word_1_31' title='bbox 682 441 910 487; x_wconf 67' lang='lat' dir='ltr'>lllezyrzyecz</span> <span class='ocrx_word' id='word_1_32' title='bbox 940 444 971 474; x_wconf 90' lang='lat' dir='ltr'>in</span> <span class='ocrx_word' id='word_1_33' title='bbox 1002 440 1100 474; x_wconf 90' lang='lat' dir='ltr'>domo</span> <span class='ocrx_word' id='word_1_34' title='bbox 1130 440 1215 473; x_wconf 89' lang='lat' dir='ltr'>dotis</span> <span class='ocrx_word' id='word_1_35' title='bbox 1245 444 1358 473; x_wconf 89' lang='lat' dir='ltr'>nostre</span> <span class='ocrx_word' id='word_1_36' title='bbox 1388 439 1470 473; x_wconf 90' lang='lat' dir='ltr'>hora</span> <span class='ocrx_word' id='word_1_37' title='bbox 1501 440 1680 472; x_wconf 86' lang='lat' dir='ltr'>terciarum</span> <span class='ocrx_word' id='word_1_38' title='bbox 1710 442 1916 483; x_wconf 85' lang='lat' dir='ltr'>conpareant</span> <span class='ocrx_word' id='word_1_39' title='bbox 1944 437 1984 470; x_wconf 87' lang='lat' dir='ltr'>ad</span> 
     </span>
     <span class='ocr_line' id='line_1_5' title="bbox 110 498 1983 547; baseline -0.003 -11"><span class='ocrx_word' id='word_1_40' title='bbox 110 507 204 537; x_wconf 83' lang='lat' dir='ltr'>actus</span> <span class='ocrx_word' id='word_1_41' title='bbox 233 502 318 535; x_wconf 82' lang='lat' dir='ltr'>infra</span> <span class='ocrx_word' id='word_1_42' title='bbox 348 505 502 547; x_wconf 87' lang='lat' dir='ltr'>scriptos.</span> <span class='ocrx_word' id='word_1_43' title='bbox 534 501 573 534; x_wconf 89' lang='lat' dir='ltr'>ad</span> <span class='ocrx_word' id='word_1_44' title='bbox 599 501 777 545; x_wconf 89' lang='lat' dir='ltr'>jurandum</span> <span class='ocrx_word' id='word_1_45' title='bbox 809 506 839 534; x_wconf 86' lang='lat' dir='ltr'>et</span> <span class='ocrx_word' id='word_1_46' title='bbox 865 502 972 545; x_wconf 83' lang='lat' dir='ltr'>jurari</span> <span class='ocrx_word' id='word_1_47' title='bbox 1003 500 1182 534; x_wconf 81' lang='lat' dir='ltr'>videndum</span> <span class='ocrx_word' id='word_1_48' title='bbox 1213 500 1253 533; x_wconf 88' lang='lat' dir='ltr'>de</span> <span class='ocrx_word' id='word_1_49' title='bbox 1279 500 1464 545; x_wconf 79' lang='lat' dir='ltr'>calumpnia</span> <span class='ocrx_word' id='word_1_50' title='bbox 1496 504 1527 533; x_wconf 90' lang='lat' dir='ltr'>et</span> <span class='ocrx_word' id='word_1_51' title='bbox 1557 499 1598 533; x_wconf 88' lang='lat' dir='ltr'>de</span> <span class='ocrx_word' id='word_1_52' title='bbox 1628 501 1771 533; x_wconf 82' lang='lat' dir='ltr'>veritate</span> <span class='ocrx_word' id='word_1_53' title='bbox 1808 498 1983 532; x_wconf 84' lang='lat' dir='ltr'>dicendum</span> 
     </span>
     <span class='ocr_line' id='line_1_6' title="bbox 112 558 1982 607; baseline -0.003 -10"><span class='ocrx_word' id='word_1_54' title='bbox 112 566 144 597; x_wconf 92' lang='lat' dir='ltr'>in</span> <span class='ocrx_word' id='word_1_55' title='bbox 174 574 274 597; x_wconf 89' lang='lat' dir='ltr'>causa</span> <span class='ocrx_word' id='word_1_56' title='bbox 315 567 345 596; x_wconf 86' lang='lat' dir='ltr'>et</span> <span class='ocrx_word' id='word_1_57' title='bbox 384 565 505 596; x_wconf 83' lang='lat' dir='ltr'>causis.</span> <span class='ocrx_word' id='word_1_58' title='bbox 545 573 608 607; x_wconf 81' lang='lat' dir='ltr'>que</span> <span class='ocrx_word' id='word_1_59' title='bbox 647 567 822 595; x_wconf 76' lang='lat' dir='ltr'>vertentur</span> <span class='ocrx_word' id='word_1_60' title='bbox 860 567 890 596; x_wconf 86' lang='lat' dir='ltr'>et</span> <span class='ocrx_word' id='word_1_61' title='bbox 929 565 1014 595; x_wconf 73' lang='lat' dir='ltr'>verti</span> <span class='ocrx_word' id='word_1_62' title='bbox 1051 566 1228 607; x_wconf 83' lang='lat' dir='ltr'>sperantur</span> <span class='ocrx_word' id='word_1_63' title='bbox 1267 564 1351 594; x_wconf 87' lang='lat' dir='ltr'>inter</span> <span class='ocrx_word' id='word_1_64' title='bbox 1390 561 1558 594; x_wconf 86' lang='lat' dir='ltr'>dominum</span> <span class='ocrx_word' id='word_1_65' title='bbox 1594 559 1767 594; x_wconf 76' lang='lat' dir='ltr'>Nicolaum</span> <span class='ocrx_word' id='word_1_66' title='bbox 1806 558 1982 605; x_wconf 79' lang='lat' dir='ltr'>plebanum</span> 
     </span>
     <span class='ocr_line' id='line_1_7' title="bbox 111 621 1981 668; baseline -0.002 -12"><span class='ocrx_word' id='word_1_67' title='bbox 111 623 255 657; x_wconf 80' lang='lat' dir='ltr'>ecclesie</span> <span class='ocrx_word' id='word_1_68' title='bbox 292 625 397 656; x_wconf 89' lang='lat' dir='ltr'>sancti</span> <span class='ocrx_word' id='word_1_69' title='bbox 436 625 569 668; x_wconf 89' lang='lat' dir='ltr'>spiritus</span> <span class='ocrx_word' id='word_1_70' title='bbox 607 625 639 655; x_wconf 88' lang='lat' dir='ltr'>in</span> <span class='ocrx_word' id='word_1_71' title='bbox 676 623 822 667; x_wconf 82' lang='lat' dir='ltr'>Antiqua</span> <span class='ocrx_word' id='word_1_72' title='bbox 862 622 973 656; x_wconf 86' lang='lat' dir='ltr'>Bruna</span> <span class='ocrx_word' id='word_1_73' title='bbox 1012 633 1055 655; x_wconf 75' lang='lat' dir='ltr'>ex</span> <span class='ocrx_word' id='word_1_74' title='bbox 1097 634 1160 655; x_wconf 90' lang='lat' dir='ltr'>una</span> <span class='ocrx_word' id='word_1_75' title='bbox 1201 626 1231 655; x_wconf 91' lang='lat' dir='ltr'>et</span> <span class='ocrx_word' id='word_1_76' title='bbox 1261 625 1351 667; x_wconf 85' lang='lat' dir='ltr'>ipsos</span> <span class='ocrx_word' id='word_1_77' title='bbox 1380 621 1541 667; x_wconf 82' lang='lat' dir='ltr'>plebanos</span> <span class='ocrx_word' id='word_1_78' title='bbox 1572 624 1778 668; x_wconf 87' lang='lat' dir='ltr'>prescriptos</span> <span class='ocrx_word' id='word_1_79' title='bbox 1806 624 1900 666; x_wconf 83' lang='lat' dir='ltr'>parte</span> <span class='ocrx_word' id='word_1_80' title='bbox 1938 630 1981 652; x_wconf 80' lang='lat' dir='ltr'>ex</span> 
     </span>
     <span class='ocr_line' id='line_1_8' title="bbox 64 681 1983 729; baseline -0.003 -11"><span class='ocrx_word' id='word_1_81' title='bbox 64 693 77 697; x_wconf 78' lang='grc'><em>·</em></span> <span class='ocrx_word' id='word_1_82' title='bbox 113 684 229 727; x_wconf 77' lang='lat' dir='ltr'>altera.</span> <span class='ocrx_word' id='word_1_83' title='bbox 260 695 373 717; x_wconf 87' lang='lat' dir='ltr'>coram</span> <span class='ocrx_word' id='word_1_84' title='bbox 404 683 534 729; x_wconf 82' lang='lat' dir='ltr'>prefato</span> <span class='ocrx_word' id='word_1_85' title='bbox 565 683 699 716; x_wconf 89' lang='lat' dir='ltr'>domino</span> <span class='ocrx_word' id='word_1_86' title='bbox 731 683 1015 727; x_wconf 74' lang='lat' dir='ltr'>Jaroslaojudiee</span> <span class='ocrx_word' id='word_1_87' title='bbox 1045 687 1076 715; x_wconf 82' lang='lat' dir='ltr'>et</span> <span class='ocrx_word' id='word_1_88' title='bbox 1105 683 1144 715; x_wconf 85' lang='lat' dir='ltr'>ad</span> <span class='ocrx_word' id='word_1_89' title='bbox 1175 682 1316 715; x_wconf 89' lang='lat' dir='ltr'>dandum</span> <span class='ocrx_word' id='word_1_90' title='bbox 1347 686 1377 715; x_wconf 89' lang='lat' dir='ltr'>et</span> <span class='ocrx_word' id='word_1_91' title='bbox 1408 681 1632 715; x_wconf 77' lang='lat' dir='ltr'>offerrendum</span> <span class='ocrx_word' id='word_1_92' title='bbox 1655 683 1927 725; x_wconf 67' lang='lat' dir='ltr'>interrogatoria.</span> <span class='ocrx_word' id='word_1_93' title='bbox 1958 682 1983 712; x_wconf 79' lang='lat' dir='ltr'>si</span> 
     </span>
     <span class='ocr_line' id='line_1_9' title="bbox 111 742 1984 791; baseline -0.003 -13"><span class='ocrx_word' id='word_1_94' title='bbox 111 756 174 791; x_wconf 88' lang='lat' dir='ltr'>qua</span> <span class='ocrx_word' id='word_1_95' title='bbox 204 745 285 778; x_wconf 85' lang='lat' dir='ltr'>dare</span> <span class='ocrx_word' id='word_1_96' title='bbox 314 744 369 778; x_wconf 82' lang='lat' dir='ltr'>vel</span> <span class='ocrx_word' id='word_1_97' title='bbox 399 744 521 778; x_wconf 79' lang='lat' dir='ltr'>offerre</span> <span class='ocrx_word' id='word_1_98' title='bbox 550 744 707 778; x_wconf 85' lang='lat' dir='ltr'>volucrit.</span> <span class='ocrx_word' id='word_1_99' title='bbox 746 756 875 777; x_wconf 80' lang='lat' dir='ltr'>necnon</span> <span class='ocrx_word' id='word_1_100' title='bbox 906 744 944 777; x_wconf 86' lang='lat' dir='ltr'>ad</span> <span class='ocrx_word' id='word_1_101' title='bbox 983 743 1252 789; x_wconf 83' lang='lat' dir='ltr'>respondendum</span> <span class='ocrx_word' id='word_1_102' title='bbox 1292 742 1518 788; x_wconf 69' lang='lat' dir='ltr'>posit-ionibus</span> <span class='ocrx_word' id='word_1_103' title='bbox 1545 747 1574 775; x_wconf 91' lang='lat' dir='ltr'>et</span> <span class='ocrx_word' id='word_1_104' title='bbox 1614 742 1761 775; x_wconf 80' lang='lat' dir='ltr'>articulis</span> <span class='ocrx_word' id='word_1_105' title='bbox 1803 752 1845 775; x_wconf 84' lang='lat' dir='ltr'>ex</span> <span class='ocrx_word' id='word_1_106' title='bbox 1884 751 1984 786; x_wconf 87' lang='lat' dir='ltr'>supra</span> 
     </span>
     <span class='ocr_line' id='line_1_10' title="bbox 111 801 1983 851; baseline -0.003 -12"><span class='ocrx_word' id='word_1_107' title='bbox 111 805 315 840; x_wconf 86' lang='lat' dir='ltr'>habundanti</span> <span class='ocrx_word' id='word_1_108' title='bbox 342 816 403 851; x_wconf 86' lang='lat' dir='ltr'>pro</span> <span class='ocrx_word' id='word_1_109' title='bbox 433 809 526 851; x_wconf 87' lang='lat' dir='ltr'>parte</span> <span class='ocrx_word' id='word_1_110' title='bbox 557 804 634 838; x_wconf 89' lang='lat' dir='ltr'>dicti</span> <span class='ocrx_word' id='word_1_111' title='bbox 665 805 787 838; x_wconf 91' lang='lat' dir='ltr'>domini</span> <span class='ocrx_word' id='word_1_112' title='bbox 816 804 944 838; x_wconf 81' lang='lat' dir='ltr'>Nicolai</span> <span class='ocrx_word' id='word_1_113' title='bbox 977 807 1007 837; x_wconf 90' lang='lat' dir='ltr'>in</span> <span class='ocrx_word' id='word_1_114' title='bbox 1037 807 1147 837; x_wconf 91' lang='lat' dir='ltr'>causis</span> <span class='ocrx_word' id='word_1_115' title='bbox 1177 803 1364 837; x_wconf 85' lang='lat' dir='ltr'>huiusmodi</span> <span class='ocrx_word' id='word_1_116' title='bbox 1391 803 1509 836; x_wconf 85' lang='lat' dir='ltr'>oblatis</span> <span class='ocrx_word' id='word_1_117' title='bbox 1531 807 1561 836; x_wconf 89' lang='lat' dir='ltr'>et</span> <span class='ocrx_word' id='word_1_118' title='bbox 1583 803 1622 836; x_wconf 86' lang='lat' dir='ltr'>ad</span> <span class='ocrx_word' id='word_1_119' title='bbox 1645 802 1824 836; x_wconf 71' lang='lat' dir='ltr'>videndum</span> <span class='ocrx_word' id='word_1_120' title='bbox 1846 801 1983 847; x_wconf 82' lang='lat' dir='ltr'>produci</span> 
     </span>
     <span class='ocr_line' id='line_1_11' title="bbox 115 863 1984 911; baseline -0.002 -12"><span class='ocrx_word' id='word_1_121' title='bbox 115 870 217 900; x_wconf 83' lang='lat' dir='ltr'>testes</span> <span class='ocrx_word' id='word_1_122' title='bbox 246 876 307 911; x_wconf 84' lang='lat' dir='ltr'>per</span> <span class='ocrx_word' id='word_1_123' title='bbox 335 870 462 911; x_wconf 79' lang='lat' dir='ltr'>partem</span> <span class='ocrx_word' id='word_1_124' title='bbox 493 868 651 898; x_wconf 73' lang='lat' dir='ltr'>actricem</span> <span class='ocrx_word' id='word_1_125' title='bbox 683 876 795 898; x_wconf 89' lang='lat' dir='ltr'>coram</span> <span class='ocrx_word' id='word_1_126' title='bbox 828 864 923 898; x_wconf 85' lang='lat' dir='ltr'>nobis</span> <span class='ocrx_word' id='word_1_127' title='bbox 954 869 983 897; x_wconf 91' lang='lat' dir='ltr'>et</span> <span class='ocrx_word' id='word_1_128' title='bbox 1016 875 1115 898; x_wconf 88' lang='lat' dir='ltr'>cansa</span> <span class='ocrx_word' id='word_1_129' title='bbox 1146 869 1177 897; x_wconf 91' lang='lat' dir='ltr'>et</span> <span class='ocrx_word' id='word_1_130' title='bbox 1207 867 1316 897; x_wconf 86' lang='lat' dir='ltr'>causis</span> <span class='ocrx_word' id='word_1_131' title='bbox 1346 864 1531 897; x_wconf 79' lang='lat' dir='ltr'>antedictis.</span> <span class='ocrx_word' id='word_1_132' title='bbox 1562 863 1601 897; x_wconf 88' lang='lat' dir='ltr'>Et</span> <span class='ocrx_word' id='word_1_133' title='bbox 1632 863 1866 896; x_wconf 85' lang='lat' dir='ltr'>nichilominus</span> <span class='ocrx_word' id='word_1_134' title='bbox 1899 873 1984 908; x_wconf 80' lang='lat' dir='ltr'>prc-</span> 
     </span>
     <span class='ocr_line' id='line_1_12' title="bbox 112 923 1985 970; baseline -0.003 -10"><span class='ocrx_word' id='word_1_135' title='bbox 112 926 197 960; x_wconf 86' lang='lat' dir='ltr'>fatos</span> <span class='ocrx_word' id='word_1_136' title='bbox 234 925 432 960; x_wconf 85' lang='lat' dir='ltr'>Bohdalum.</span> <span class='ocrx_word' id='word_1_137' title='bbox 472 924 672 959; x_wconf 84' lang='lat' dir='ltr'>Jankonein.</span> <span class='ocrx_word' id='word_1_138' title='bbox 708 925 932 959; x_wconf 84' lang='lat' dir='ltr'>Michahelem</span> <span class='ocrx_word' id='word_1_139' title='bbox 973 930 1002 958; x_wconf 84' lang='lat' dir='ltr'>ct</span> <span class='ocrx_word' id='word_1_140' title='bbox 1034 925 1218 970; x_wconf 73' lang='lat' dir='ltr'>Georgium</span> <span class='ocrx_word' id='word_1_141' title='bbox 1250 924 1469 958; x_wconf 84' lang='lat' dir='ltr'>ecelesiarum</span> <span class='ocrx_word' id='word_1_142' title='bbox 1500 923 1660 969; x_wconf 82' lang='lat' dir='ltr'>plebanos</span> <span class='ocrx_word' id='word_1_143' title='bbox 1691 923 1790 956; x_wconf 89' lang='lat' dir='ltr'>modo</span> <span class='ocrx_word' id='word_1_144' title='bbox 1820 925 1985 968; x_wconf 87' lang='lat' dir='ltr'>premisso</span> 
     </span>
     <span class='ocr_line' id='line_1_13' title="bbox 110 983 1983 1032; baseline -0.003 -12"><span class='ocrx_word' id='word_1_145' title='bbox 110 989 228 1029; x_wconf 75' lang='lat' dir='ltr'>citetis.</span> <span class='ocrx_word' id='word_1_146' title='bbox 258 990 291 1020; x_wconf 91' lang='lat' dir='ltr'>ut</span> <span class='ocrx_word' id='word_1_147' title='bbox 329 989 391 1032; x_wconf 89' lang='lat' dir='ltr'>ipsi</span> <span class='ocrx_word' id='word_1_148' title='bbox 429 986 578 1019; x_wconf 86' lang='lat' dir='ltr'>secunda</span> <span class='ocrx_word' id='word_1_149' title='bbox 617 985 699 1019; x_wconf 85' lang='lat' dir='ltr'>feria</span> <span class='ocrx_word' id='word_1_150' title='bbox 738 989 891 1032; x_wconf 82' lang='lat' dir='ltr'>proxima</span> <span class='ocrx_word' id='word_1_151' title='bbox 922 991 993 1031; x_wconf 88' lang='lat' dir='ltr'>post</span> <span class='ocrx_word' id='word_1_152' title='bbox 1025 986 1110 1019; x_wconf 72' lang='lat' dir='ltr'>(lieni</span> <span class='ocrx_word' id='word_1_153' title='bbox 1142 990 1256 1019; x_wconf 65' lang='lat' dir='ltr'>sanct(¹</span> <span class='ocrx_word' id='word_1_154' title='bbox 1287 984 1457 1018; x_wconf 85' lang='lat' dir='ltr'>Trinitatis</span> <span class='ocrx_word' id='word_1_155' title='bbox 1487 995 1601 1017; x_wconf 88' lang='lat' dir='ltr'>eoram</span> <span class='ocrx_word' id='word_1_156' title='bbox 1633 988 1818 1017; x_wconf 85' lang='lat' dir='ltr'>meinorato</span> <span class='ocrx_word' id='word_1_157' title='bbox 1849 983 1983 1017; x_wconf 88' lang='lat' dir='ltr'>domino</span> 
     </span>
     <span class='ocr_line' id='line_1_14' title="bbox 111 1044 1984 1092; baseline -0.002 -12"><span class='ocrx_word' id='word_1_158' title='bbox 111 1047 230 1081; x_wconf 86' lang='lat' dir='ltr'>abbate</span> <span class='ocrx_word' id='word_1_159' title='bbox 269 1046 381 1081; x_wconf 86' lang='lat' dir='ltr'>Brune</span> <span class='ocrx_word' id='word_1_160' title='bbox 420 1049 451 1080; x_wconf 93' lang='lat' dir='ltr'>in</span> <span class='ocrx_word' id='word_1_161' title='bbox 488 1049 693 1080; x_wconf 83' lang='lat' dir='ltr'>monasterio</span> <span class='ocrx_word' id='word_1_162' title='bbox 732 1046 997 1080; x_wconf 69' lang='lat' dir='ltr'>Zabi-doviconsi</span> <span class='ocrx_word' id='word_1_163' title='bbox 1035 1047 1108 1080; x_wconf 88' lang='lat' dir='ltr'>loco</span> <span class='ocrx_word' id='word_1_164' title='bbox 1147 1050 1309 1079; x_wconf 75' lang='lat' dir='ltr'>consueto</span> <span class='ocrx_word' id='word_1_165' title='bbox 1348 1049 1419 1092; x_wconf 83' lang='lat' dir='ltr'>ipso</span> <span class='ocrx_word' id='word_1_166' title='bbox 1458 1057 1518 1091; x_wconf 88' lang='lat' dir='ltr'>pro</span> <span class='ocrx_word' id='word_1_167' title='bbox 1549 1045 1702 1078; x_wconf 87' lang='lat' dir='ltr'>tribunali</span> <span class='ocrx_word' id='word_1_168' title='bbox 1732 1045 1871 1078; x_wconf 84' lang='lat' dir='ltr'>sedente</span> <span class='ocrx_word' id='word_1_169' title='bbox 1902 1044 1984 1077; x_wconf 83' lang='lat' dir='ltr'>hora</span> 
     </span>
     <span class='ocr_line' id='line_1_15' title="bbox 111 1106 1986 1154; baseline -0.002 -12"><span class='ocrx_word' id='word_1_170' title='bbox 111 1119 334 1154; x_wconf 79' lang='lat' dir='ltr'>vesperorum</span> <span class='ocrx_word' id='word_1_171' title='bbox 371 1107 520 1152; x_wconf 78' lang='lat' dir='ltr'>legitime</span> <span class='ocrx_word' id='word_1_172' title='bbox 557 1112 773 1153; x_wconf 81' lang='lat' dir='ltr'>compareant</span> <span class='ocrx_word' id='word_1_173' title='bbox 812 1108 850 1141; x_wconf 86' lang='lat' dir='ltr'>ad</span> <span class='ocrx_word' id='word_1_174' title='bbox 892 1107 1124 1153; x_wconf 86' lang='lat' dir='ltr'>publicandum</span> <span class='ocrx_word' id='word_1_175' title='bbox 1163 1112 1193 1140; x_wconf 80' lang='lat' dir='ltr'>et</span> <span class='ocrx_word' id='word_1_176' title='bbox 1233 1106 1393 1152; x_wconf 89' lang='lat' dir='ltr'>publicari</span> <span class='ocrx_word' id='word_1_177' title='bbox 1430 1106 1609 1139; x_wconf 86' lang='lat' dir='ltr'>videndum</span> <span class='ocrx_word' id='word_1_178' title='bbox 1648 1106 1734 1139; x_wconf 88' lang='lat' dir='ltr'>(licta</span> <span class='ocrx_word' id='word_1_179' title='bbox 1764 1108 1896 1139; x_wconf 86' lang='lat' dir='ltr'>testium</span> <span class='ocrx_word' id='word_1_180' title='bbox 1926 1116 1986 1150; x_wconf 82' lang='lat' dir='ltr'>per</span> 
     </span>
     <span class='ocr_line' id='line_1_16' title="bbox 111 1166 1985 1214; baseline -0.002 -12"><span class='ocrx_word' id='word_1_181' title='bbox 111 1171 378 1214; x_wconf 84' lang='lat' dir='ltr'>prenominatum</span> <span class='ocrx_word' id='word_1_182' title='bbox 414 1168 582 1201; x_wconf 92' lang='lat' dir='ltr'>dominum</span> <span class='ocrx_word' id='word_1_183' title='bbox 622 1167 795 1201; x_wconf 77' lang='lat' dir='ltr'>Nicolaum</span> <span class='ocrx_word' id='word_1_184' title='bbox 835 1173 888 1201; x_wconf 87' lang='lat' dir='ltr'>aut</span> <span class='ocrx_word' id='word_1_185' title='bbox 928 1171 1029 1213; x_wconf 81' lang='lat' dir='ltr'>ipsius</span> <span class='ocrx_word' id='word_1_186' title='bbox 1068 1172 1335 1214; x_wconf 83' lang='lat' dir='ltr'>procuratorem.</span> <span class='ocrx_word' id='word_1_187' title='bbox 1375 1171 1405 1200; x_wconf 91' lang='lat' dir='ltr'>in</span> <span class='ocrx_word' id='word_1_188' title='bbox 1451 1178 1551 1200; x_wconf 86' lang='lat' dir='ltr'>causa</span> <span class='ocrx_word' id='word_1_189' title='bbox 1595 1171 1625 1200; x_wconf 89' lang='lat' dir='ltr'>ct</span> <span class='ocrx_word' id='word_1_190' title='bbox 1656 1169 1766 1200; x_wconf 83' lang='lat' dir='ltr'>causis</span> <span class='ocrx_word' id='word_1_191' title='bbox 1810 1166 1985 1199; x_wconf 79' lang='lat' dir='ltr'>antedictis</span> 
     </span>
     <span class='ocr_line' id='line_1_17' title="bbox 113 1226 1985 1275; baseline -0.002 -13"><span class='ocrx_word' id='word_1_192' title='bbox 113 1229 350 1275; x_wconf 90' lang='lat' dir='ltr'>productorum</span> <span class='ocrx_word' id='word_1_193' title='bbox 389 1233 421 1262; x_wconf 88' lang='lat' dir='ltr'>et</span> <span class='ocrx_word' id='word_1_194' title='bbox 458 1228 764 1274; x_wconf 83' lang='lat' dir='ltr'>producendorum.</span> <span class='ocrx_word' id='word_1_195' title='bbox 806 1229 859 1261; x_wconf 82' lang='lat' dir='ltr'>vel</span> <span class='ocrx_word' id='word_1_196' title='bbox 899 1229 1006 1262; x_wconf 86' lang='lat' dir='ltr'>dicant</span> <span class='ocrx_word' id='word_1_197' title='bbox 1045 1240 1179 1262; x_wconf 89' lang='lat' dir='ltr'>causam</span> <span class='ocrx_word' id='word_1_198' title='bbox 1219 1227 1470 1261; x_wconf 82' lang='lat' dir='ltr'>racionabilem.</span> <span class='ocrx_word' id='word_1_199' title='bbox 1511 1238 1570 1260; x_wconf 87' lang='lat' dir='ltr'>cur</span> <span class='ocrx_word' id='word_1_200' title='bbox 1607 1229 1770 1272; x_wconf 83' lang='lat' dir='ltr'>premissa</span> <span class='ocrx_word' id='word_1_201' title='bbox 1811 1226 1882 1260; x_wconf 84' lang='lat' dir='ltr'>fieri</span> <span class='ocrx_word' id='word_1_202' title='bbox 1920 1238 1985 1260; x_wconf 89' lang='lat' dir='ltr'>non</span> 
     </span>
     <span class='ocr_line' id='line_1_18' title="bbox 113 1287 1984 1335; baseline -0.002 -12"><span class='ocrx_word' id='word_1_203' title='bbox 113 1289 267 1324; x_wconf 88' lang='lat' dir='ltr'>debeant.</span> <span class='ocrx_word' id='word_1_204' title='bbox 307 1289 501 1323; x_wconf 85' lang='lat' dir='ltr'>Intimantes</span> <span class='ocrx_word' id='word_1_205' title='bbox 540 1290 666 1323; x_wconf 82' lang='lat' dir='ltr'>eisdem</span> <span class='ocrx_word' id='word_1_206' title='bbox 706 1292 824 1323; x_wconf 85' lang='lat' dir='ltr'>citatis.</span> <span class='ocrx_word' id='word_1_207' title='bbox 865 1289 950 1335; x_wconf 88' lang='lat' dir='ltr'>quod</span> <span class='ocrx_word' id='word_1_208' title='bbox 987 1292 1060 1323; x_wconf 88' lang='lat' dir='ltr'>sive</span> <span class='ocrx_word' id='word_1_209' title='bbox 1099 1292 1269 1335; x_wconf 85' lang='lat' dir='ltr'>paruerint</span> <span class='ocrx_word' id='word_1_210' title='bbox 1306 1291 1379 1322; x_wconf 67' lang='lat' dir='ltr'>sive</span> <span class='ocrx_word' id='word_1_211' title='bbox 1408 1299 1475 1321; x_wconf 88' lang='lat' dir='ltr'>non</span> <span class='ocrx_word' id='word_1_212' title='bbox 1505 1291 1535 1321; x_wconf 90' lang='lat' dir='ltr'>in</span> <span class='ocrx_word' id='word_1_213' title='bbox 1567 1287 1661 1321; x_wconf 85' lang='lat' dir='ltr'>dictis</span> <span class='ocrx_word' id='word_1_214' title='bbox 1691 1290 1841 1320; x_wconf 86' lang='lat' dir='ltr'>terminis</span> <span class='ocrx_word' id='word_1_215' title='bbox 1871 1298 1984 1320; x_wconf 86' lang='lat' dir='ltr'>coram</span> 
     </span>
     <span class='ocr_line' id='line_1_19' title="bbox 112 1348 1987 1396; baseline -0.003 -12"><span class='ocrx_word' id='word_1_216' title='bbox 112 1349 220 1393; x_wconf 75' lang='lat' dir='ltr'>nohiS,</span> <span class='ocrx_word' id='word_1_217' title='bbox 250 1361 347 1396; x_wconf 85' lang='lat' dir='ltr'>quam</span> <span class='ocrx_word' id='word_1_218' title='bbox 378 1352 483 1383; x_wconf 86' lang='lat' dir='ltr'>eciam</span> <span class='ocrx_word' id='word_1_219' title='bbox 515 1360 628 1384; x_wconf 82' lang='lat' dir='ltr'>coram</span> <span class='ocrx_word' id='word_1_220' title='bbox 659 1350 793 1383; x_wconf 87' lang='lat' dir='ltr'>domino</span> <span class='ocrx_word' id='word_1_221' title='bbox 818 1349 971 1383; x_wconf 82' lang='lat' dir='ltr'>Jaroslao</span> <span class='ocrx_word' id='word_1_222' title='bbox 1005 1350 1119 1394; x_wconf 87' lang='lat' dir='ltr'>judice</span> <span class='ocrx_word' id='word_1_223' title='bbox 1156 1349 1318 1395; x_wconf 86' lang='lat' dir='ltr'>predicto.</span> <span class='ocrx_word' id='word_1_224' title='bbox 1358 1360 1419 1382; x_wconf 87' lang='lat' dir='ltr'>nos</span> <span class='ocrx_word' id='word_1_225' title='bbox 1448 1348 1488 1381; x_wconf 90' lang='lat' dir='ltr'>ad</span> <span class='ocrx_word' id='word_1_226' title='bbox 1528 1353 1621 1381; x_wconf 83' lang='lat' dir='ltr'>aetus</span> <span class='ocrx_word' id='word_1_227' title='bbox 1661 1348 1859 1382; x_wconf 83' lang='lat' dir='ltr'>huiusmodi.</span> <span class='ocrx_word' id='word_1_228' title='bbox 1890 1352 1987 1393; x_wconf 60' lang='lat' dir='ltr'>prout,</span> 
     </span>
     <span class='ocr_line' id='line_1_20' title="bbox 113 1407 1984 1454; baseline -0.002 -10"><span class='ocrx_word' id='word_1_229' title='bbox 113 1410 276 1444; x_wconf 85' lang='lat' dir='ltr'>habemus</span> <span class='ocrx_word' id='word_1_230' title='bbox 304 1413 337 1444; x_wconf 90' lang='lat' dir='ltr'>in</span> <span class='ocrx_word' id='word_1_231' title='bbox 366 1411 529 1444; x_wconf 87' lang='lat' dir='ltr'>mandatis</span> <span class='ocrx_word' id='word_1_232' title='bbox 559 1422 618 1443; x_wconf 89' lang='lat' dir='ltr'>seu</span> <span class='ocrx_word' id='word_1_233' title='bbox 648 1413 678 1444; x_wconf 90' lang='lat' dir='ltr'>in</span> <span class='ocrx_word' id='word_1_234' title='bbox 709 1414 897 1444; x_wconf 81' lang='lat' dir='ltr'>commissis</span> <span class='ocrx_word' id='word_1_235' title='bbox 922 1412 1018 1454; x_wconf 82' lang='lat' dir='ltr'>juxta</span> <span class='ocrx_word' id='word_1_236' title='bbox 1049 1415 1200 1443; x_wconf 81' lang='lat' dir='ltr'>tenorem</span> <span class='ocrx_word' id='word_1_237' title='bbox 1231 1412 1478 1443; x_wconf 82' lang='lat' dir='ltr'>commissionis</span> <span class='ocrx_word' id='word_1_238' title='bbox 1508 1408 1603 1442; x_wconf 90' lang='lat' dir='ltr'>nobis</span> <span class='ocrx_word' id='word_1_239' title='bbox 1634 1408 1720 1442; x_wconf 81' lang='lat' dir='ltr'>facte</span> <span class='ocrx_word' id='word_1_240' title='bbox 1750 1407 1984 1453; x_wconf 83' lang='lat' dir='ltr'>procedemus.</span> 
     </span>
     <span class='ocr_line' id='line_1_21' title="bbox 113 1468 1986 1517; baseline -0.003 -12"><span class='ocrx_word' id='word_1_241' title='bbox 113 1474 262 1517; x_wconf 85' lang='lat' dir='ltr'>ipsorum</span> <span class='ocrx_word' id='word_1_242' title='bbox 293 1471 451 1505; x_wconf 85' lang='lat' dir='ltr'>absencia</span> <span class='ocrx_word' id='word_1_243' title='bbox 481 1482 540 1505; x_wconf 86' lang='lat' dir='ltr'>seu</span> <span class='ocrx_word' id='word_1_244' title='bbox 571 1474 778 1504; x_wconf 88' lang='lat' dir='ltr'>contumacia</span> <span class='ocrx_word' id='word_1_245' title='bbox 810 1482 875 1505; x_wconf 84' lang='lat' dir='ltr'>non</span> <span class='ocrx_word' id='word_1_246' title='bbox 905 1470 1069 1504; x_wconf 82' lang='lat' dir='ltr'>obstante.</span> <span class='ocrx_word' id='word_1_247' title='bbox 1102 1470 1136 1504; x_wconf 90' lang='lat' dir='ltr'>In</span> <span class='ocrx_word' id='word_1_248' title='bbox 1166 1470 1264 1503; x_wconf 86' lang='lat' dir='ltr'>fidem</span> <span class='ocrx_word' id='word_1_249' title='bbox 1295 1469 1390 1503; x_wconf 86' lang='lat' dir='ltr'>nobis</span> <span class='ocrx_word' id='word_1_250' title='bbox 1420 1474 1535 1502; x_wconf 84' lang='lat' dir='ltr'>vestre</span> <span class='ocrx_word' id='word_1_251' title='bbox 1565 1471 1783 1502; x_wconf 83' lang='lat' dir='ltr'>execucionis</span> <span class='ocrx_word' id='word_1_252' title='bbox 1813 1468 1912 1501; x_wconf 82' lang='lat' dir='ltr'>facite</span> <span class='ocrx_word' id='word_1_253' title='bbox 1946 1468 1986 1500; x_wconf 86' lang='lat' dir='ltr'>ad</span> 
     </span>
     <span class='ocr_line' id='line_1_22' title="bbox 113 1530 1986 1577; baseline -0.003 -12"><span class='ocrx_word' id='word_1_254' title='bbox 113 1535 290 1566; x_wconf 88' lang='lat' dir='ltr'>terminum</span> <span class='ocrx_word' id='word_1_255' title='bbox 314 1536 546 1565; x_wconf 79' lang='lat' dir='ltr'>memoratum.</span> <span class='ocrx_word' id='word_1_256' title='bbox 578 1531 697 1565; x_wconf 88' lang='lat' dir='ltr'>Datum</span> <span class='ocrx_word' id='word_1_257' title='bbox 729 1534 759 1565; x_wconf 87' lang='lat' dir='ltr'>in</span> <span class='ocrx_word' id='word_1_258' title='bbox 789 1531 1017 1577; x_wconf 59' lang='lat' dir='ltr'>Mezyrzyccz</span> <span class='ocrx_word' id='word_1_259' title='bbox 1047 1542 1133 1565; x_wconf 91' lang='lat' dir='ltr'>anno</span> <span class='ocrx_word' id='word_1_260' title='bbox 1164 1531 1286 1564; x_wconf 88' lang='lat' dir='ltr'>domini</span> <span class='ocrx_word' id='word_1_261' title='bbox 1308 1530 1482 1563; x_wconf 85' lang='lat' dir='ltr'>millesimo</span> <span class='ocrx_word' id='word_1_262' title='bbox 1505 1533 1743 1563; x_wconf 79' lang='lat' dir='ltr'>trecentesimo</span> <span class='ocrx_word' id='word_1_263' title='bbox 1764 1532 1986 1574; x_wconf 75' lang='lat' dir='ltr'>nonagesimo</span> 
     </span>
     <span class='ocr_line' id='line_1_23' title="bbox 113 1590 1840 1635; baseline -0.002 -9"><span class='ocrx_word' id='word_1_264' title='bbox 113 1595 232 1635; x_wconf 82' lang='lat' dir='ltr'>tercio,</span> <span class='ocrx_word' id='word_1_265' title='bbox 263 1592 316 1626; x_wconf 85' lang='lat' dir='ltr'>die</span> <span class='ocrx_word' id='word_1_266' title='bbox 346 1595 470 1626; x_wconf 88' lang='lat' dir='ltr'>mensis</span> <span class='ocrx_word' id='word_1_267' title='bbox 499 1591 577 1626; x_wconf 87' lang='lat' dir='ltr'>Maii</span> <span class='ocrx_word' id='word_1_268' title='bbox 606 1595 769 1626; x_wconf 83' lang='lat' dir='ltr'>vicesima</span> <span class='ocrx_word' id='word_1_269' title='bbox 800 1595 914 1627; x_wconf 81' lang='lat' dir='ltr'>tercia.</span> <span class='ocrx_word' id='word_1_270' title='bbox 947 1603 1020 1625; x_wconf 81' lang='lat' dir='ltr'>meo</span> <span class='ocrx_word' id='word_1_271' title='bbox 1051 1591 1205 1625; x_wconf 77' lang='lat' dir='ltr'>videlicet</span> <span class='ocrx_word' id='word_1_272' title='bbox 1236 1590 1433 1624; x_wconf 80' lang='lat' dir='ltr'>Wenceslai</span> <span class='ocrx_word' id='word_1_273' title='bbox 1463 1590 1572 1635; x_wconf 73' lang='lat' dir='ltr'>sigillo</span> <span class='ocrx_word' id='word_1_274' title='bbox 1603 1590 1840 1635; x_wconf 74' lang='lat' dir='ltr'>subappresso.</span> 
     </span>
    </p>
   </div>
   <div class='ocr_carea' id='block_1_2' title="bbox 426 1730 1774 1767">
    <p class='ocr_par' dir='ltr' id='par_1_2' title="bbox 426 1730 1774 1767">
     <span class='ocr_line' id='line_1_24' title="bbox 426 1730 1774 1767; baseline -0.002 -9"><span class='ocrx_word' id='word_1_275' title='bbox 426 1733 500 1767; x_wconf 81' lang='lat' dir='ltr'>(Ans</span> <span class='ocrx_word' id='word_1_276' title='bbox 524 1733 586 1757; x_wconf 80' lang='lat' dir='ltr'>dem</span> <span class='ocrx_word' id='word_1_277' title='bbox 612 1733 691 1766; x_wconf 79' lang='lat' dir='ltr'>Urig,</span> <span class='ocrx_word' id='word_1_278' title='bbox 717 1733 745 1757; x_wconf 86' lang='lat' dir='ltr'>in</span> <span class='ocrx_word' id='word_1_279' title='bbox 771 1733 820 1757; x_wconf 86' lang='lat' dir='ltr'>der</span> <span class='ocrx_word' id='word_1_280' title='bbox 844 1732 1038 1757; x_wconf 65' lang='lat' dir='ltr'>Boi-ek&#39;sohen</span> <span class='ocrx_word' id='word_1_281' title='bbox 1064 1733 1123 1765; x_wconf 68' lang='lat' dir='ltr'>stg.</span> <span class='ocrx_word' id='word_1_282' title='bbox 1149 1741 1176 1758; x_wconf 86' lang='lat' dir='ltr'>n.</span> <span class='ocrx_word' id='word_1_283' title='bbox 1204 1732 1285 1756; x_wconf 67' lang='lat' dir='ltr'>:1211ss</span> <span class='ocrx_word' id='word_1_284' title='bbox 1313 1731 1346 1756; x_wconf 82' lang='lat' dir='ltr'>iin</span> <span class='ocrx_word' id='word_1_285' title='bbox 1372 1731 1461 1756; x_wconf 73' lang='lat' dir='ltr'>miihr.</span> <span class='ocrx_word' id='word_1_286' title='bbox 1486 1730 1774 1762; x_wconf 64' lang='lat' dir='ltr'>Laudes-Archive.)</span> 
     </span>
    </p>
   </div>
   <div class='ocr_carea' id='block_1_3' title="bbox 1004 1981 1104 2015">
    <p class='ocr_par' dir='ltr' id='par_1_3' title="bbox 1004 1981 1104 2015">
     <span class='ocr_line' id='line_1_25' title="bbox 1004 1981 1104 2015; baseline 0 0"><span class='ocrx_word' id='word_1_287' title='bbox 1004 1981 1104 2015; x_wconf 78' lang='lat'>151.</span> 
     </span>
    </p>
   </div>
   <div class='ocr_carea' id='block_1_4' title="bbox 119 2058 1987 2165">
    <p class='ocr_par' dir='ltr' id='par_1_4' title="bbox 119 2058 1987 2165">
     <span class='ocr_line' id='line_1_26' title="bbox 119 2058 1987 2102; baseline -0.003 -8"><span class='ocrx_word' id='word_1_288' title='bbox 119 2059 193 2094; x_wconf 85' lang='lat' dir='ltr'>Der</span> <span class='ocrx_word' id='word_1_289' title='bbox 222 2060 406 2093; x_wconf 77' lang='lat' dir='ltr'>Seadtrath</span> <span class='ocrx_word' id='word_1_290' title='bbox 449 2072 511 2093; x_wconf 78' lang='lat' dir='ltr'>rou</span> <span class='ocrx_word' id='word_1_291' title='bbox 545 2060 677 2094; x_wconf 70' lang='lat' dir='ltr'>Olmntz-</span> <span class='ocrx_word' id='word_1_292' title='bbox 707 2060 862 2094; x_wconf 68' lang='lat' dir='ltr'>beheimi.</span> <span class='ocrx_word' id='word_1_293' title='bbox 903 2061 984 2093; x_wconf 79' lang='lat' dir='ltr'>dass</span> <span class='ocrx_word' id='word_1_294' title='bbox 1018 2059 1079 2092; x_wconf 78' lang='lat' dir='ltr'>der</span> <span class='ocrx_word' id='word_1_295' title='bbox 1112 2058 1286 2091; x_wconf 68' lang='lat' dir='ltr'>(Ilmntz-er</span> <span class='ocrx_word' id='word_1_296' title='bbox 1316 2058 1455 2102; x_wconf 68' lang='lat' dir='ltr'>Biirqe’i·</span> <span class='ocrx_word' id='word_1_297' title='bbox 1485 2058 1592 2091; x_wconf 55' lang='lat' dir='ltr'>Peffelz·</span> <span class='ocrx_word' id='word_1_298' title='bbox 1623 2070 1685 2090; x_wconf 78' lang='lat' dir='ltr'>rou</span> <span class='ocrx_word' id='word_1_299' title='bbox 1717 2058 1895 2091; x_wconf 70' lang='lat' dir='ltr'>Prossnitz·</span> <span class='ocrx_word' id='word_1_300' title='bbox 1925 2058 1987 2090; x_wconf 78' lang='lat' dir='ltr'>deu</span> 
     </span>
     <span class='ocr_line' id='line_1_27' title="bbox 482 2117 1622 2165; baseline -0.002 -11"><span class='ocrx_word' id='word_1_301' title='bbox 482 2120 559 2165; x_wconf 84' lang='lat' dir='ltr'>Hof</span> <span class='ocrx_word' id='word_1_302' title='bbox 582 2122 613 2154; x_wconf 78' lang='lat' dir='ltr'>in</span> <span class='ocrx_word' id='word_1_303' title='bbox 643 2121 785 2164; x_wconf 68' lang='lat' dir='ltr'>Greiyan</span> <span class='ocrx_word' id='word_1_304' title='bbox 813 2120 955 2164; x_wconf 68' lang='lat' dir='ltr'>yelmnfl</span> <span class='ocrx_word' id='word_1_305' title='bbox 984 2118 1082 2152; x_wconf 79' lang='lat' dir='ltr'>habe.</span> <span class='ocrx_word' id='word_1_306' title='bbox 1120 2117 1174 2151; x_wconf 69' lang='lat' dir='ltr'>Db.</span> <span class='ocrx_word' id='word_1_307' title='bbox 1206 2118 1265 2151; x_wconf 70' lang='lat'>⁴23.</span> <span class='ocrx_word' id='word_1_308' title='bbox 1299 2118 1374 2152; x_wconf 69' lang='lat' dir='ltr'>Mae·</span> <span class='ocrx_word' id='word_1_309' title='bbox 1405 2118 1512 2152; x_wconf 75' lang='lat'>1393.</span> <span class='ocrx_word' id='word_1_310' title='bbox 1543 2132 1570 2152; x_wconf 66' lang='grc' dir='ltr'>ε.</span> <span class='ocrx_word' id='word_1_311' title='bbox 1603 2118 1622 2152; x_wconf 88' lang='lat' dir='ltr'>l.</span> 
     </span>
    </p>
   </div>
   <div class='ocr_carea' id='block_1_5' title="bbox 114 2196 1992 2785">
    <p class='ocr_par' dir='ltr' id='par_1_5' title="bbox 114 2196 1992 2745">
     <span class='ocr_line' id='line_1_28' title="bbox 275 2196 1988 2260; baseline -0.002 -11"><span class='ocrx_word' id='word_1_312' title='bbox 275 2196 364 2249; x_wconf 68' lang='lat' dir='ltr'>Nos</span> <span class='ocrx_word' id='word_1_313' title='bbox 393 2215 500 2249; x_wconf 83' lang='lat' dir='ltr'>Pesco</span> <span class='ocrx_word' id='word_1_314' title='bbox 529 2215 636 2249; x_wconf 84' lang='lat' dir='ltr'>Ritler</span> <span class='ocrx_word' id='word_1_315' title='bbox 665 2217 861 2250; x_wconf 81' lang='lat' dir='ltr'>advocatus.</span> <span class='ocrx_word' id='word_1_316' title='bbox 893 2215 1056 2248; x_wconf 84' lang='lat' dir='ltr'>Pertlinus</span> <span class='ocrx_word' id='word_1_317' title='bbox 1087 2214 1233 2260; x_wconf 72' lang='lat' dir='ltr'>Wysant</span> <span class='ocrx_word' id='word_1_318' title='bbox 1268 2218 1429 2259; x_wconf 77' lang='lat' dir='ltr'>magister</span> <span class='ocrx_word' id='word_1_319' title='bbox 1467 2217 1602 2248; x_wconf 85' lang='lat' dir='ltr'>civium.</span> <span class='ocrx_word' id='word_1_320' title='bbox 1644 2213 1803 2247; x_wconf 77' lang='lat' dir='ltr'>Nicolaus</span> <span class='ocrx_word' id='word_1_321' title='bbox 1842 2213 1988 2246; x_wconf 83' lang='lat' dir='ltr'>Slosser.</span> 
     </span>
     <span class='ocr_line' id='line_1_29' title="bbox 114 2272 1988 2322; baseline -0.003 -13"><span class='ocrx_word' id='word_1_322' title='bbox 114 2275 272 2310; x_wconf 88' lang='lat' dir='ltr'>Nicolaus</span> <span class='ocrx_word' id='word_1_323' title='bbox 302 2275 573 2322; x_wconf 76' lang='lat' dir='ltr'>Fleyscliheckcl</span> <span class='ocrx_word' id='word_1_324' title='bbox 603 2282 633 2309; x_wconf 91' lang='lat' dir='ltr'>ct</span> <span class='ocrx_word' id='word_1_325' title='bbox 664 2276 807 2310; x_wconf 85' lang='lat' dir='ltr'>Michacl</span> <span class='ocrx_word' id='word_1_326' title='bbox 843 2276 941 2310; x_wconf 84' lang='lat' dir='ltr'>Polcz</span> <span class='ocrx_word' id='word_1_327' title='bbox 981 2275 1147 2309; x_wconf 77' lang='lat' dir='ltr'>consules.</span> <span class='ocrx_word' id='word_1_328' title='bbox 1186 2273 1391 2319; x_wconf 63' lang='lat' dir='ltr'>Engclusch.</span> <span class='ocrx_word' id='word_1_329' title='bbox 1430 2275 1602 2308; x_wconf 81' lang='lat' dir='ltr'>Jolianncs</span> <span class='ocrx_word' id='word_1_330' title='bbox 1647 2273 1793 2315; x_wconf 54' lang='lat' dir='ltr'>sialiter.</span> <span class='ocrx_word' id='word_1_331' title='bbox 1834 2272 1988 2306; x_wconf 81' lang='lat' dir='ltr'>Fl&#39;riczko</span> 
     </span>
     <span class='ocr_line' id='line_1_30' title="bbox 116 2332 1990 2382; baseline -0.003 -12"><span class='ocrx_word' id='word_1_332' title='bbox 116 2336 378 2382; x_wconf 65' lang='lat' dir='ltr'>Hocwmplonz,</span> <span class='ocrx_word' id='word_1_333' title='bbox 419 2336 534 2371; x_wconf 87' lang='lat' dir='ltr'>Petrus</span> <span class='ocrx_word' id='word_1_334' title='bbox 572 2348 676 2382; x_wconf 86' lang='lat' dir='ltr'>prope</span> <span class='ocrx_word' id='word_1_335' title='bbox 716 2348 856 2371; x_wconf 89' lang='lat' dir='ltr'>murum.</span> <span class='ocrx_word' id='word_1_336' title='bbox 896 2337 1002 2370; x_wconf 86' lang='lat' dir='ltr'>Pesco</span> <span class='ocrx_word' id='word_1_337' title='bbox 1039 2335 1171 2381; x_wconf 62' lang='lat' dir='ltr'>Rayde,</span> <span class='ocrx_word' id='word_1_338' title='bbox 1209 2336 1369 2370; x_wconf 87' lang='lat' dir='ltr'>chlinus</span> <span class='ocrx_word' id='word_1_339' title='bbox 1406 2336 1588 2370; x_wconf 79' lang='lat' dir='ltr'>(li-dentich</span> <span class='ocrx_word' id='word_1_340' title='bbox 1628 2340 1657 2368; x_wconf 91' lang='lat' dir='ltr'>et</span> <span class='ocrx_word' id='word_1_341' title='bbox 1697 2334 1867 2367; x_wconf 82' lang='lat' dir='ltr'>Joliannes</span> <span class='ocrx_word' id='word_1_342' title='bbox 1899 2332 1990 2366; x_wconf 82' lang='lat' dir='ltr'>Ebor</span> 
     </span>
     <span class='ocr_line' id='line_1_31' title="bbox 114 2395 1988 2442; baseline -0.002 -12"><span class='ocrx_word' id='word_1_343' title='bbox 114 2398 283 2442; x_wconf 84' lang='lat' dir='ltr'>juratique</span> <span class='ocrx_word' id='word_1_344' title='bbox 312 2400 405 2430; x_wconf 82' lang='lat' dir='ltr'>cives</span> <span class='ocrx_word' id='word_1_345' title='bbox 441 2397 684 2431; x_wconf 84' lang='lat' dir='ltr'>Olomucenses</span> <span class='ocrx_word' id='word_1_346' title='bbox 722 2400 1000 2442; x_wconf 81' lang='lat' dir='ltr'>recognoscimus</span> <span class='ocrx_word' id='word_1_347' title='bbox 1041 2401 1157 2429; x_wconf 84' lang='lat' dir='ltr'>tenore</span> <span class='ocrx_word' id='word_1_348' title='bbox 1195 2400 1405 2442; x_wconf 85' lang='lat' dir='ltr'>presencium</span> <span class='ocrx_word' id='word_1_349' title='bbox 1445 2399 1623 2430; x_wconf 78' lang='lat' dir='ltr'>universis.</span> <span class='ocrx_word' id='word_1_350' title='bbox 1663 2395 1841 2428; x_wconf 85' lang='lat' dir='ltr'>discretum</span> <span class='ocrx_word' id='word_1_351' title='bbox 1882 2397 1988 2427; x_wconf 63' lang='lat' dir='ltr'>x‘irum</span> 
     </span>
     <span class='ocr_line' id='line_1_32' title="bbox 121 2454 1990 2503; baseline -0.002 -13"><span class='ocrx_word' id='word_1_352' title='bbox 121 2457 305 2490; x_wconf 86' lang='lat' dir='ltr'>Pesconem</span> <span class='ocrx_word' id='word_1_353' title='bbox 344 2457 384 2490; x_wconf 88' lang='lat' dir='ltr'>dc</span> <span class='ocrx_word' id='word_1_354' title='bbox 424 2456 606 2503; x_wconf 67' lang='lat' dir='ltr'>Prostayns</span> <span class='ocrx_word' id='word_1_355' title='bbox 636 2457 730 2491; x_wconf 88' lang='lat' dir='ltr'>nobis</span> <span class='ocrx_word' id='word_1_356' title='bbox 761 2457 927 2491; x_wconf 77' lang='lat' dir='ltr'>humiliter</span> <span class='ocrx_word' id='word_1_357' title='bbox 956 2457 1175 2503; x_wconf 74' lang='lat' dir='ltr'>supplicasse.</span> <span class='ocrx_word' id='word_1_358' title='bbox 1214 2461 1248 2490; x_wconf 89' lang='lat' dir='ltr'>ut</span> <span class='ocrx_word' id='word_1_359' title='bbox 1276 2460 1525 2503; x_wconf 84' lang='lat' dir='ltr'>possessionem</span> <span class='ocrx_word' id='word_1_360' title='bbox 1557 2459 1649 2490; x_wconf 84' lang='lat' dir='ltr'>curie</span> <span class='ocrx_word' id='word_1_361' title='bbox 1678 2467 1737 2489; x_wconf 81' lang='lat' dir='ltr'>sue</span> <span class='ocrx_word' id='word_1_362' title='bbox 1768 2458 1798 2488; x_wconf 89' lang='lat' dir='ltr'>in</span> <span class='ocrx_word' id='word_1_363' title='bbox 1828 2454 1990 2499; x_wconf 75' lang='lat' dir='ltr'>Kriegaw</span> 
     </span>
     <span class='ocr_line' id='line_1_33' title="bbox 119 2517 1991 2564; baseline -0.002 -13"><span class='ocrx_word' id='word_1_364' title='bbox 119 2521 221 2551; x_wconf 87' lang='lat' dir='ltr'>certis</span> <span class='ocrx_word' id='word_1_365' title='bbox 259 2520 409 2564; x_wconf 84' lang='lat' dir='ltr'>pecuniis</span> <span class='ocrx_word' id='word_1_366' title='bbox 444 2522 554 2563; x_wconf 85' lang='lat' dir='ltr'>empte</span> <span class='ocrx_word' id='word_1_367' title='bbox 593 2522 625 2551; x_wconf 81' lang='lat' dir='ltr'>et.</span> <span class='ocrx_word' id='word_1_368' title='bbox 659 2529 720 2564; x_wconf 87' lang='lat' dir='ltr'>per</span> <span class='ocrx_word' id='word_1_369' title='bbox 757 2518 937 2551; x_wconf 84' lang='lat' dir='ltr'>Jcsconein</span> <span class='ocrx_word' id='word_1_370' title='bbox 968 2518 1008 2551; x_wconf 83' lang='lat' dir='ltr'>(le</span> <span class='ocrx_word' id='word_1_371' title='bbox 1039 2517 1201 2562; x_wconf 64' lang='lat' dir='ltr'>Rostaym</span> <span class='ocrx_word' id='word_1_372' title='bbox 1232 2529 1306 2551; x_wconf 90' lang='lat' dir='ltr'>cum</span> <span class='ocrx_word' id='word_1_373' title='bbox 1336 2517 1489 2552; x_wconf 87' lang='lat' dir='ltr'>omnibus</span> <span class='ocrx_word' id='word_1_374' title='bbox 1524 2520 1626 2562; x_wconf 86' lang='lat' dir='ltr'>ipsius</span> <span class='ocrx_word' id='word_1_375' title='bbox 1656 2519 1747 2549; x_wconf 82' lang='lat' dir='ltr'>curie</span> <span class='ocrx_word' id='word_1_376' title='bbox 1778 2518 1991 2560; x_wconf 77' lang='lat' dir='ltr'>pertinenciis</span> 
     </span>
     <span class='ocr_line' id='line_1_34' title="bbox 122 2575 1992 2622; baseline -0.003 -10"><span class='ocrx_word' id='word_1_377' title='bbox 122 2589 238 2612; x_wconf 87' lang='lat' dir='ltr'>coram</span> <span class='ocrx_word' id='word_1_378' title='bbox 268 2577 364 2611; x_wconf 91' lang='lat' dir='ltr'>nobis</span> <span class='ocrx_word' id='word_1_379' title='bbox 394 2578 540 2622; x_wconf 79' lang='lat' dir='ltr'>legitime</span> <span class='ocrx_word' id='word_1_380' title='bbox 571 2581 753 2622; x_wconf 66' lang='lat' dir='ltr'>resignate,</span> <span class='ocrx_word' id='word_1_381' title='bbox 784 2579 887 2612; x_wconf 79' lang='lat' dir='ltr'>literis</span> <span class='ocrx_word' id='word_1_382' title='bbox 917 2581 1039 2612; x_wconf 81' lang='lat' dir='ltr'>nostris</span> <span class='ocrx_word' id='word_1_383' title='bbox 1070 2578 1236 2611; x_wconf 62' lang='lat' dir='ltr'>ratificare-</span> <span class='ocrx_word' id='word_1_384' title='bbox 1266 2583 1297 2611; x_wconf 85' lang='lat' dir='ltr'>ct</span> <span class='ocrx_word' id='word_1_385' title='bbox 1327 2578 1526 2611; x_wconf 82' lang='lat' dir='ltr'>confirmare</span> <span class='ocrx_word' id='word_1_386' title='bbox 1558 2577 1785 2619; x_wconf 63' lang='lat' dir='ltr'>dignaremur.</span> <span class='ocrx_word' id='word_1_387' title='bbox 1810 2575 1880 2609; x_wconf 71' lang='lat' dir='ltr'>Nos</span> <span class='ocrx_word' id='word_1_388' title='bbox 1909 2587 1992 2609; x_wconf 71' lang='lat' dir='ltr'>vero</span> 
     </span>
     <span class='ocr_line' id='line_1_35' title="bbox 121 2635 1991 2684; baseline -0.002 -12"><span class='ocrx_word' id='word_1_389' title='bbox 121 2641 214 2673; x_wconf 86' lang='lat' dir='ltr'>iustis</span> <span class='ocrx_word' id='word_1_390' title='bbox 243 2641 345 2684; x_wconf 87' lang='lat' dir='ltr'>ipsius</span> <span class='ocrx_word' id='word_1_391' title='bbox 376 2637 534 2671; x_wconf 83' lang='lat' dir='ltr'>Pesconis</span> <span class='ocrx_word' id='word_1_392' title='bbox 573 2641 677 2672; x_wconf 86' lang='lat' dir='ltr'>nostri</span> <span class='ocrx_word' id='word_1_393' title='bbox 715 2642 868 2673; x_wconf 89' lang='lat' dir='ltr'>concivis</span> <span class='ocrx_word' id='word_1_394' title='bbox 903 2638 1123 2684; x_wconf 87' lang='lat' dir='ltr'>peticionibus</span> <span class='ocrx_word' id='word_1_395' title='bbox 1162 2638 1306 2672; x_wconf 83' lang='lat' dir='ltr'>inclinati</span> <span class='ocrx_word' id='word_1_396' title='bbox 1337 2639 1477 2672; x_wconf 84' lang='lat' dir='ltr'>candem</span> <span class='ocrx_word' id='word_1_397' title='bbox 1509 2640 1633 2670; x_wconf 86' lang='lat' dir='ltr'>curiam</span> <span class='ocrx_word' id='word_1_398' title='bbox 1666 2639 1696 2669; x_wconf 92' lang='lat' dir='ltr'>in</span> <span class='ocrx_word' id='word_1_399' title='bbox 1726 2635 1888 2681; x_wconf 66' lang='lat' dir='ltr'>lt&#39;ricgaw</span> <span class='ocrx_word' id='word_1_400' title='bbox 1918 2648 1991 2669; x_wconf 93' lang='lat' dir='ltr'>cum</span> 
     </span>
     <span class='ocr_line' id='line_1_36' title="bbox 123 2696 1991 2745; baseline -0.002 -13"><span class='ocrx_word' id='word_1_401' title='bbox 123 2701 214 2743; x_wconf 81' lang='lat' dir='ltr'>agris</span> <span class='ocrx_word' id='word_1_402' title='bbox 253 2703 283 2731; x_wconf 88' lang='lat' dir='ltr'>et</span> <span class='ocrx_word' id='word_1_403' title='bbox 322 2697 474 2731; x_wconf 87' lang='lat' dir='ltr'>omnibus</span> <span class='ocrx_word' id='word_1_404' title='bbox 512 2700 579 2730; x_wconf 83' lang='lat' dir='ltr'>suis</span> <span class='ocrx_word' id='word_1_405' title='bbox 617 2701 804 2732; x_wconf 84' lang='lat' dir='ltr'>attinenciis</span> <span class='ocrx_word' id='word_1_406' title='bbox 840 2699 927 2732; x_wconf 85' lang='lat' dir='ltr'>dicto</span> <span class='ocrx_word' id='word_1_407' title='bbox 968 2698 1106 2732; x_wconf 81' lang='lat' dir='ltr'>Pesconi</span> <span class='ocrx_word' id='word_1_408' title='bbox 1137 2698 1177 2731; x_wconf 88' lang='lat' dir='ltr'>dc</span> <span class='ocrx_word' id='word_1_409' title='bbox 1208 2697 1401 2745; x_wconf 65' lang='lat' dir='ltr'>Prostayns‚</span> <span class='ocrx_word' id='word_1_410' title='bbox 1441 2702 1511 2732; x_wconf 85' lang='lat' dir='ltr'>eius</span> <span class='ocrx_word' id='word_1_411' title='bbox 1551 2696 1805 2731; x_wconf 83' lang='lat' dir='ltr'>successoribus</span> <span class='ocrx_word' id='word_1_412' title='bbox 1835 2697 1991 2741; x_wconf 71' lang='lat' dir='ltr'>legitimis</span> 
     </span>
    </p>

    <p class='ocr_par' dir='ltr' id='par_1_6' title="bbox 1824 2759 1882 2785">
     <span class='ocr_line' id='line_1_37' title="bbox 1824 2759 1882 2785; baseline -0.034 0"><span class='ocrx_word' id='word_1_413' title='bbox 1824 2759 1882 2785; x_wconf 62' lang='lat'>15÷÷</span> 
     </span>
    </p>
   </div>
  </div>
 </body>
</html>
