2313 3090
1032 168 1079 201 77

126 268 209 306 Galli
237 275 390 318 proxime
418 275 570 306 instantis
599 283 659 317 per
697 272 818 305 dictum
859 273 996 307 fratrem
1037 280 1187 308 nostrum
1217 274 1313 308 nobis
1342 275 1428 308 solvi
1458 278 1654 308 consuetum
1685 278 1868 320 recepisse.
1908 286 1989 320 quas

121 336 148 367 si
184 333 224 367 ab
263 336 335 378 ipso
373 337 577 378 receperunt
615 337 645 366 et
684 335 755 378 ipse
793 335 873 378 ipsis
911 334 1047 368 easdem
1088 335 1307 370 effectualiter
1335 339 1574 381 assignaverit,
1616 339 1723 381 ipsum
1762 348 1778 369 a
1818 336 1990 369 solucione

122 398 267 440 ipsarum
297 393 436 427 liberum
466 393 635 427 reddimus
665 398 696 427 et
727 393 938 439 presentibus
967 398 1157 439 quittamus.
1188 396 1224 430 In
1246 400 1339 430 cuius
1359 400 1407 430 rei
1428 399 1651 430 testimonium
1675 396 1817 441 sigillum
1840 401 1990 430 nostrum

120 455 331 501 presentibus
362 460 409 489 est
440 465 648 501 appressum.
680 455 799 488 Datum
830 454 939 500 Prage
968 455 1020 489 die
1052 461 1085 489 et
1113 456 1198 490 festo
1221 458 1380 504 Corporis
1402 457 1525 491 Christi
1554 468 1640 491 anno
1663 458 1785 491 domini
1817 458 1990 491 millesimo

121 519 356 550 trecentesimo
386 518 607 560 nonagesimo
642 516 803 549 secundo.

432 620 528 655 (Orig.
554 621 638 655 Perg.
665 621 712 645 mit
738 621 863 654 beigedr.
889 620 947 654 Sig.
973 621 1008 646 im
1035 631 1068 646 m.
1094 623 1359 651 Laudes-Areliire,
1390 638 1426 641 κ
1453 623 1513 648 Ans
1543 623 1593 648 der
1618 623 1762 648 Plu-atur:
1796 624 1829 647 ile
1856 623 1990 647 mandato

331 672 438 698 domini
464 672 652 706 cancellarii.)

1010 834 1087 869 92.

121 912 247 954 Renes,
272 904 385 946 Cenelf
416 913 483 946 aad
510 912 626 946 {maele
646 924 710 946 ron
734 912 859 946 Deblin
880 913 1068 949 bekennen.
1099 913 1173 946 dem
1194 913 1423 958 illarlfyrafen
1453 913 1566 947 ,lodoh-
1595 915 1670 948 200
1690 914 1827 948 80110011-
1859 913 1992 957 Praqer

486 973 660 1007 Groschen
691 973 847 1017 scheddiq
877 985 918 1007 zu
946 975 1031 1007 sein.
1064 973 1120 1007 Dt.
1152 973 1272 1007 Bruma
1307 974 1363 1008 141.
1394 976 1478 1009 Jam·
1508 975 1617 1009 1392.

276 1049 365 1105 Ros
394 1070 577 1104 Benessius
607 1069 744 1104 Czenko
774 1075 805 1104 et
836 1069 972 1104 Wanko
1002 1070 1124 1104 fratres
1153 1071 1194 1104 de
1215 1070 1334 1105 Deblin
1360 1071 1618 1105 notumfaeimus
1640 1075 1757 1104 tenore
1777 1073 1989 1117 presencium

121 1133 301 1175 universis,
331 1132 417 1176 quod
443 1131 684 1165 illustrissimus
704 1134 860 1177 princeps
881 1132 1033 1166 dominus
1053 1131 1201 1166 Jodocus
1222 1132 1372 1166 marchio
1394 1137 1427 1166 et
1446 1133 1598 1166 dominus
1618 1131 1785 1175 Moravie,
1814 1134 1990 1176 graciosus

120 1197 236 1226 noster
265 1192 429 1234 dominus,
458 1191 554 1226 nobis
584 1193 623 1226 ad
653 1204 791 1238 precum
821 1197 1011 1226 nostrarum
1043 1203 1198 1237 magnam
1229 1198 1260 1226 et
1281 1193 1437 1227 devotam
1460 1195 1656 1227 instanciam
1678 1192 1838 1226 ducentas
1860 1203 1991 1226 marcas

121 1264 318 1298 grossorum
357 1253 569 1287 denariorum
608 1256 835 1298 pragensium.
876 1256 1039 1287 moravici
1067 1258 1259 1299 pagamenti
1289 1254 1434 1300 benigne
1464 1258 1494 1288 et
1525 1254 1682 1287 benivole
1712 1256 1861 1287 mutavit.
1920 1252 1989 1286 Nos

118 1325 203 1348 vero
233 1314 450 1348 advertentes
480 1317 582 1359 ipsius
611 1318 688 1359 aput
718 1325 778 1347 nos
808 1318 872 1347 tam
903 1313 1082 1359 benignam
1113 1314 1343 1356 clemenciam.
1374 1326 1436 1360 qua
1467 1317 1660 1348 necessitati
1682 1318 1796 1348 nostre
1817 1318 1881 1347 tam
1903 1325 1990 1358 gra-

119 1378 245 1408 ciosum
276 1379 309 1408 et
338 1377 522 1420 propicium
557 1375 725 1408 dominum
764 1386 800 1408 se
837 1375 992 1417 ostendit,
1031 1379 1141 1409 animo
1181 1375 1365 1410 deliberato
1406 1387 1444 1409 ac
1484 1376 1523 1409 de
1562 1379 1653 1408 certa
1693 1379 1806 1408 nostra
1845 1377 1990 1408 sciencia

119 1439 332 1482 promisimus
370 1440 400 1470 et
439 1439 561 1470 virtute
601 1439 812 1482 presencium
852 1435 937 1470 bona
977 1435 1041 1469 fide
1070 1440 1142 1470 sine
1176 1436 1263 1479 dolo,
1304 1440 1405 1470 immo
1444 1435 1503 1469 sub
1544 1434 1618 1469 fidei
1648 1440 1762 1469 nostre
1793 1440 1824 1468 et
1854 1435 1991 1469 lionoris

119 1496 366 1531 observacione
407 1497 554 1531 districte
593 1500 814 1542 promittimus
854 1502 884 1530 et
924 1497 1139 1543 spondemus.
1178 1501 1280 1543 ipsius
1313 1497 1525 1531 illustrissimi
1565 1499 1723 1542 principis
1753 1508 1769 1529 a
1801 1496 1875 1530 data
1905 1507 1990 1542 pre-

119 1560 267 1591 sencium
289 1569 365 1592 esse
386 1562 418 1591 et
437 1558 499 1592 sibi
519 1561 651 1592 servire
681 1562 713 1591 et
742 1557 782 1591 ab
812 1570 852 1591 eo
881 1568 947 1592 non
976 1558 1152 1601 recedere,
1182 1569 1291 1603 neque
1320 1558 1495 1592 licenciam
1525 1560 1691 1603 recipere.
1727 1560 1788 1591 nisi
1818 1559 1908 1603 prius
1930 1556 1991 1590 sibi

121 1619 175 1652 vel
203 1618 259 1653 illi.
290 1621 342 1664 qui
373 1624 563 1665 presentem
594 1619 722 1653 literam
754 1630 811 1653 sua
834 1619 1020 1653 donacione
1042 1624 1072 1651 et
1098 1618 1184 1652 bona
1205 1622 1308 1665 ipsius
1328 1619 1500 1653 voluntate
1522 1618 1673 1652 haberet.
1705 1618 1810 1651 dictas
1831 1618 1991 1651 ducentas

119 1690 250 1713 marcas
280 1682 311 1713 in
341 1682 503 1726 promptis
533 1683 682 1725 pecuniis
712 1680 921 1723 integraliter
951 1679 1152 1713 solverimus
1181 1684 1212 1713 et
1242 1680 1418 1726 complete.
1476 1679 1513 1714 In
1543 1684 1700 1713 eventum
1731 1690 1828 1721 vero.
1867 1678 1921 1712 ubi
1951 1678 1991 1712 ab

119 1751 160 1774 eo
190 1740 353 1774 vellemus
382 1740 556 1774 licenciam
588 1744 742 1787 recipere
771 1742 963 1783 recedendi.
995 1746 1071 1774 tunc
1100 1743 1208 1774 statim
1239 1743 1310 1786 ipso
1340 1741 1404 1783 die.
1446 1751 1510 1786 quo
1540 1739 1581 1773 ab
1611 1742 1682 1785 ipso
1724 1744 1755 1772 ut
1792 1743 1991 1785 premittitur

118 1801 292 1835 licenciam
330 1801 511 1835 recedendi
549 1806 753 1847 peteremus,
792 1805 1014 1847 promittimus
1052 1802 1150 1835 modo
1190 1806 1220 1834 et
1257 1801 1363 1835 forma
1402 1806 1500 1847 prout
1538 1811 1650 1846 supra.
1696 1803 1759 1834 iam
1801 1803 1989 1834 nominatas

119 1862 278 1896 ducentas
317 1873 449 1896 marcas
487 1873 683 1907 grossorum
724 1865 754 1896 in
793 1865 954 1908 promptis
992 1865 1141 1908 pecuniis
1177 1861 1238 1896 sibi
1279 1862 1332 1896 vel
1371 1865 1425 1907 qui
1454 1866 1644 1908 presentem
1686 1861 1825 1895 liaberet
1860 1861 1900 1894 de
1930 1871 1988 1894 sua

117 1922 289 1956 voluntate
319 1922 460 1966 literam.
490 1923 639 1969 plenarie
669 1924 804 1958 solvere
835 1928 867 1957 et
895 1934 1033 1968 pagare.
1077 1922 1119 1956 Et
1154 1922 1209 1956 ubi
1238 1934 1278 1957 eo
1308 1923 1372 1966 die.
1407 1923 1493 1968 quod
1524 1923 1619 1965 absit.
1649 1926 1738 1969 ipsas
1768 1934 1833 1956 non
1863 1922 1984 1956 solve-

118 1985 220 2017 rimus
248 1986 419 2029 pecunias.
459 1988 536 2017 tunc
565 1984 625 2018 sub
655 1984 730 2018 fidei
767 1989 882 2018 nostre
912 1989 943 2018 et
982 1984 1118 2018 honoris
1149 1986 1290 2028 puritate
1320 1988 1448 2017 matura
1478 1983 1726 2018 deliberacione
1756 1986 1872 2029 previa
1902 1994 1988 2029 pro-

118 2046 275 2078 mittimus
314 2048 345 2077 et
380 2044 584 2090 spondemus
622 2045 662 2078 de
703 2050 814 2079 castro
844 2044 934 2079 Luka
965 2049 997 2078 et
1026 2047 1097 2078 eius
1127 2043 1221 2077 bonis
1259 2047 1427 2078 universis
1457 2049 1487 2078 ct
1518 2045 1657 2089 singulis
1687 2044 1817 2090 prefato
1848 2047 1987 2090 principi

117 2104 392 2138 condescendere
429 2110 456 2138 et
499 2108 603 2150 ipsum
644 2105 717 2148 sibi,
756 2110 811 2139 aut
846 2109 898 2151 qui
936 2110 1125 2151 presentem
1163 2105 1291 2138 literam
1322 2104 1485 2147 habuerit.
1525 2116 1599 2139 cum
1636 2104 1789 2139 omuibus
1818 2103 1986 2138 censibus.

117 2164 210 2198 silvis
240 2169 273 2199 et
301 2165 426 2199 usibus.
457 2177 521 2211 que
551 2166 589 2199 ad
620 2166 741 2200 dictum
778 2171 922 2200 castrum
954 2169 1122 2211 pertinere
1152 2170 1346 2208 noscuntur.
1388 2168 1418 2198 in
1449 2165 1543 2199 dictis
1572 2168 1722 2211 pecuniis
1753 2164 1897 2198 tradere.
1929 2176 1988 2210 per

119 2235 193 2258 eum
232 2226 354 2259 tamdiu
393 2226 547 2261 tenenda.
587 2238 760 2272 quousque
799 2230 980 2272 premissas
1019 2229 1178 2272 pecunias
1217 2225 1277 2259 sibi
1311 2225 1460 2272 plenarie
1490 2226 1719 2259 redderemus.
1778 2225 1813 2258 Si
1844 2225 1986 2270 denique

117 2285 252 2319 illustris
281 2289 436 2332 princeps
466 2292 554 2320 motu
594 2290 729 2333 proprio
764 2299 823 2333 pro
863 2288 957 2321 dictis
987 2290 1138 2333 pecuniis
1176 2299 1237 2321 nos
1267 2292 1430 2321 moneret.
1470 2292 1546 2320 tunc
1576 2287 1661 2320 insra
1691 2286 1834 2319 medium
1865 2296 1986 2319 annum

117 2358 133 2379 a
173 2346 226 2379 die
264 2350 460 2381 monicionis
497 2347 592 2382 nobis
631 2348 717 2381 facte
747 2351 967 2393 promittimus
1007 2348 1113 2381 eidem
1145 2351 1394 2394 prenominatas
1423 2350 1603 2393 peccunias
1633 2347 1768 2380 solvere
1798 2351 1829 2379 et
1859 2356 1985 2391 pagare

117 2412 172 2440 aut
201 2408 242 2441 de
271 2407 358 2441 dicto
388 2412 499 2441 castro
529 2413 561 2441 et
590 2408 685 2442 bonis
715 2411 817 2454 ipsius
847 2412 984 2442 racione
1014 2412 1164 2455 pignoris
1194 2408 1254 2442 sibi
1285 2407 1572 2449 condescendere„
1608 2419 1668 2453 per
1705 2418 1779 2439 eum
1810 2417 1985 2451 quousque

116 2479 197 2513 sepe
227 2467 332 2502 dictas
361 2468 563 2502 solverimus
593 2472 751 2514 pecunias
783 2469 937 2511 tenenda„
969 2469 1247 2514 quemadmodum
1279 2472 1432 2514 superius
1463 2472 1511 2501 est
1542 2478 1753 2513 expressum.
1786 2466 1821 2500 Si
1843 2467 1986 2512 denique

117 2531 338 2573 contingeret.
375 2529 461 2574 quod
500 2534 636 2575 propter
673 2533 862 2563 carenciam
900 2533 1042 2575 pecunie
1078 2530 1242 2576 prefatum
1273 2534 1417 2563 castrum
1448 2528 1538 2562 Luka
1570 2539 1642 2561 cum
1673 2530 1741 2562 suis
1771 2530 1986 2573 pertinenciis

116 2599 196 2634 sepe
225 2589 311 2623 dicto
343 2592 479 2635 principi
510 2595 626 2623 nostro
657 2590 790 2624 domino
821 2594 850 2624 in
882 2593 1046 2636 premisso
1076 2589 1186 2623 debito
1217 2590 1349 2623 tradere
1380 2589 1591 2622 deberemus.
1627 2593 1703 2622 tunc
1742 2591 1812 2634 ipse
1833 2588 1985 2622 dominus

115 2653 230 2682 noster
260 2649 409 2683 marchio
448 2655 501 2683 aut
533 2651 597 2686 ille.
636 2654 688 2684 cui
726 2654 797 2697 ipse
836 2651 970 2685 easdem
1009 2651 1146 2683 donaret
1187 2653 1359 2695 pecunias.
1403 2652 1455 2683 cui
1497 2649 1537 2682 de
1576 2654 1686 2683 castro
1727 2649 1881 2683 mandato
1924 2660 1985 2682 suo
