2313 3090
1230 179 1302 213 128

1206 334 1307 370 1:39.

1006 412 1156 457 Peruyia
1187 413 1246 446 22.
1279 413 1383 457 April
1412 412 1522 446 1393.

491 492 612 544 Pabst
643 510 834 543 Bonifacius
863 509 922 542 IX.
954 508 1145 552 beauftragt
1174 508 1237 542 den
1267 508 1395 552 Prager
1422 508 1633 550 Erzbischof,
1675 510 1727 543 die
1756 508 1914 543 Bischofe
1951 520 2019 543 von
2057 508 2197 543 Breslau

334 572 399 605 und
442 571 583 605 Olmiitz.
628 571 679 604 die
722 569 911 614 Schadiger
952 569 1018 602 und
1063 568 1318 604 Gewaltthaterr
1360 569 1493 603 welche
1536 574 1633 603 unter
1671 570 1744 603 dem
1783 569 1979 604 Vorwande
2018 570 2076 604 des
2114 581 2198 604 aus-

335 632 573 677 gebrochenen
611 631 754 675 Krieges
797 629 991 675 (praetextu
1034 630 1250 675 querrarum]
1293 629 1478 663 kirchliche
1521 629 1692 665 Personen
1729 630 1794 664 und
1828 630 2107 675 Wiirdentrager«
2139 630 2199 664 der

335 692 557 737 Leitomysler
585 692 730 725 Diocese
760 690 959 734 belastigen,
989 689 1205 729 einkerkern„
1236 690 1368 734 foltern,
1399 690 1550 731 morden„
1590 691 1641 724 die
1670 690 1877 724 kirchlichen
1908 690 2025 734 Giiter‚
2064 690 2199 724 Ktoster

335 753 398 786 und
429 752 618 797 Hospitaler
646 751 821 797 pliindern,
852 762 915 784 vor
944 750 996 784 ihr
1025 749 1164 784 Gericht
1193 751 1368 784 entweder
1397 751 1500 785 durch
1530 751 1743 797 personliche
1772 751 1968 796 Vorladung
1990 751 2073 785 oder
2093 751 2197 785 durch

335 813 584 856 Auffordcrung
613 822 678 845 von
710 812 772 845 den
802 811 951 845 Kanzeln
981 823 1021 845 zu
1050 814 1167 845 citiren
1197 812 1260 845 und
1292 812 1365 846 falls
1394 815 1442 846 sie
1472 812 1545 845 dem
1576 811 1667 845 nicht
1695 811 1800 856 Folge
1829 812 1959 855 lcisten‚
1980 823 2020 845 zu
2050 822 2198 845 excom—

335 875 528 905 municiren.
560 872 679 905 Datum
709 871 837 906 Perusii
866 872 908 906 X.
940 872 1014 905 Kal.
1044 871 1122 905 Maii
1151 871 1362 918 pontificatus
1391 883 1478 905 anno
1508 877 1637 917 quarto.

643 976 806 1010 (Abschrift
836 977 863 1002 in
896 977 945 1002 der
976 977 1171 1003 Boeek'sehon
1200 977 1258 1011 Slg.
1291 987 1318 1002 u.
1350 977 1430 1003 4217
1465 977 1500 1002 im
1533 977 1621 1002 mh'hr.
1653 976 1918 1002 Laudes-Archive.
1947 992 1982 995 --
2016 976 2053 1002 Es
2076 976 2114 1002 ist
2137 976 2197 1002 dies

541 1029 779 1055 wahrscheinlich
802 1031 867 1062 jene
892 1028 1039 1059 Urkunde,
1063 1029 1170 1055 welche
1195 1030 1313 1055 Dobner
1336 1029 1413 1054 Mon.
1439 1029 1490 1056 IV.
1519 1030 1578 1054 383
1604 1029 1674 1053 kurz
1699 1028 1849 1062 erwzitmt.)

1221 1201 1239 1236 1
1252 1201 1326 1239 40.

334 1277 409 1310 Det·
438 1278 572 1322 Praqer
603 1278 817 1322 Ersbischos'
838 1279 976 1312 dolatum
1004 1278 1076 1322 gibt
1105 1279 1177 1312 dem
1215 1278 1389 1312 Olmntzer
1419 1278 1657 1312 Arcleidiacon
1688 1277 1828 1312 Sander
1857 1279 1925 1312 med
1962 1279 2036 1312 dem
2064 1277 2196 1312 Stern—

333 1338 456 1382 berqer
501 1338 643 1372 Probste
688 1339 743 1372 die
780 1338 980 1379 ts'ollmaelet,
1024 1340 1079 1373 die
1120 1339 1250 1383 infolye
1291 1340 1352 1373 (ter
1399 1339 1705 1384 erzbischoslichen
1755 1338 1938 1373 Visitation
1983 1341 2197 1385 yetroffenen

334 1399 591 1442 Anordnunqen
619 1399 797 1443 bezithlicla
827 1400 888 1433 der
911 1400 1086 1433 Olma'tz-er
1117 1399 1243 1434 Vicare
1271 1412 1313 1433 za
1342 1401 1567 1445 modificireu.
1600 1399 1658 1433 Dt.
1695 1400 1858 1434 Budweis
1879 1400 1938 1435 23.
1961 1400 2065 1445 April
2086 1400 2195 1434 1393.

488 1475 683 1529 Johannes
712 1496 895 1539 deigracia
925 1496 1199 1541 archiepiscopus
1216 1496 1408 1540 Pragensis‚
1439 1496 1622 1541 apostolice
1651 1496 1740 1530 sedis
1761 1496 1903 1540 legatus,
1925 1495 2022 1530 vobis
2043 1496 2197 1530 honora-

332 1555 450 1589 bilibus
489 1556 629 1589 dominis
668 1559 828 1601 magistro
865 1556 1018 1590 Sandero
1057 1557 1294 1590 archidiacono
1332 1557 1547 1591 Preroviensi
1584 1559 1616 1590 in
1661 1556 1804 1591 ecclesia
1844 1556 2058 1591 Olomucensi
2088 1561 2120 1591 et
2150 1584 2156 1591 .

332 1619 502 1661 preposito
524 1620 715 1650 monasterii
737 1620 767 1650 in
798 1617 986 1662 Sternberg
1015 1621 1251 1651 canonicorum
1281 1618 1487 1662 regularium
1517 1618 1642 1651 ordinis
1671 1617 1758 1651 beati
1788 1617 1968 1661 Augustini
1997 1617 2135 1652 salutem
2165 1621 2197 1651 in

333 1677 476 1710 domino.
508 1677 570 1710 Pro
600 1682 694 1723 parte
723 1678 943 1712 discretorum
974 1682 1124 1712 virorum
1154 1679 1362 1712 dominorum
1396 1706 1401 1711 .
1435 1706 1441 1712 .
1472 1681 1675 1712 vicariorum
1697 1678 1841 1712 ecclesie
1872 1677 2105 1712 Olomncensis
2139 1678 2198 1712 fuit

332 1737 427 1771 nobis
456 1749 519 1771 una
550 1750 623 1771 cum
654 1738 839 1772 honorabili
870 1740 1013 1785 capitulo
1042 1739 1171 1785 prefate
1202 1739 1435 1774 Olomucensis
1471 1739 1616 1773 ecclesie
1645 1738 1812 1772 humiliter
1848 1738 2080 1784 supplicatum,
2110 1749 2199 1784 qua-

333 1803 427 1832 tenus
464 1799 640 1832 nonnullas
677 1802 867 1833 sentencias
905 1805 937 1834 et
973 1800 1075 1834 robur
1114 1800 1355 1837 mandatorunn
1408 1800 1516 1845 quoad
1566 1799 1846 1834 observacionem
1895 1803 2127 1833 contentorum
2165 1802 2196 1833 in

331 1862 530 1893 visitacione
560 1859 665 1893 felicis
695 1861 945 1895 recordacionis
975 1861 1096 1894 domini
1128 1860 1277 1905 Arnesti7
1308 1861 1563 1906 predecessoris
1591 1862 1708 1903 nostri7
1738 1863 1816 1905 ipsis
1838 1860 1979 1893 dominis
2001 1863 2197 1894 ..vicariis

332 1923 551 1953 iniunctorum
583 1932 642 1966 pro
672 1921 735 1955 hac
763 1924 839 1955 vice
869 1922 985 1955 tollere
1016 1921 1243 1966 dignoremur.
1293 1921 1419 1955 Verum
1451 1932 1523 1955 cum
1554 1932 1614 1954 nos
1645 1921 1684 1953 de
1714 1931 1800 1953 anno
1830 1922 1976 1965 presenti
2006 1924 2080 1966 post
2108 1923 2199 1954 visi-

332 1983 496 2013 tacionem
527 1981 647 2014 factam
677 1982 826 2027 predicte
856 1981 1090 2016 Olomucensis
1120 1983 1264 2016 ecclesie
1293 1983 1369 2015 dicti
1399 1982 1521 2015 domini
1552 1981 1688 2015 Arnesti
1710 1981 1863 2014 mandata
1884 1991 1923 2014 ac
1943 1980 2196 2025 observandas»,

333 2041 439 2086 quoad
479 2041 628 2086 prefatos
665 2045 812 2076 vicarios
850 2043 994 2077 ecclesie
1032 2042 1265 2077 Olomucensis
1306 2043 1489 2089 sepedictffi
1528 2042 1711 2076 accedente
1744 2041 1840 2075 nobis
1865 2042 2136 2086 jurisperitorum
2166 2046 2199 2075 et

332 2104 516 2147 sapientum
547 2106 736 2136 nostrorum
767 2103 891 2137 salubri
921 2103 1060 2137 consilio
1089 2103 1403 2138 confirmaverimus
1433 2106 1463 2137 in
1493 2105 1561 2137 suis
1590 2105 1720 2148 punctis
1750 2106 1783 2135 et
1810 2102 1979 2145 clausulis,
2019 2101 2094 2136 ideo
2131 2112 2198 2136 non

332 2166 480 2207 apparuit
512 2163 606 2196 nobis
626 2175 690 2196 nec
712 2164 854 2198 fortasse
875 2164 1002 2202 liceret,
1033 2165 1119 2209 quod
1151 2165 1338 2200 huiusmodi
1368 2164 1608 2198 observancias
1638 2162 1756 2208 prefati
1787 2162 1909 2196 domini
1930 2161 2069 2197 Arnesti
2091 2162 2198 2208 quoad

334 2226 478 2256 viearios
507 2234 568 2269 per
596 2235 657 2257 nos
686 2224 861 2258 roboratas
891 2236 951 2270 per
980 2228 1088 2258 onmia
1119 2226 1236 2259 tollere
1265 2225 1475 2259 deberemus.
1533 2223 1775 2258 Nichilominus
1813 2227 1937 2267 tamen,
1979 2234 2021 2257 nc
2054 2234 2199 2269 persone

333 2288 407 2328 puta
447 2287 563 2317 vicarii
603 2285 747 2318 ecclesie
783 2286 973 2331 supradicte
1012 2291 1102 2319 tanto
1144 2289 1296 2332 oppressi
1334 2286 1484 2332 pondere
1528 2284 1714 2319 huiusmodi
1758 2295 1842 2317 onus
1884 2288 1917 2318 et
1957 2283 2199 2319 observancias

334 2349 530 2388 supportare
566 2350 703 2390 possent
738 2350 767 2379 et
809 2347 970 2380 valerent.
1010 2346 1106 2381 vobis
1136 2347 1277 2381 dominis
1309 2375 1314 2380 .
1348 2375 1353 2381 .
1390 2346 1628 2380 archidiacono
1658 2349 1690 2379 et
1718 2348 1888 2391 preposito
1917 2344 2128 2391 supradictis,
2159 2344 2199 2378 de

334 2407 425 2437 euius
456 2405 623 2442 legalitate
653 2410 682 2438 et
714 2409 1020 2452 circumspeccione
1050 2408 1180 2453 plenam
1212 2411 1242 2441 in
1274 2408 1407 2440 domino
1446 2406 1597 2440 fiduciam
1628 2405 1826 2442 obtinemus.
1866 2407 2102 2439 committimus
2140 2415 2201 2451 pcr

333 2470 518 2509 presentes.
554 2470 684 2500 vestras
715 2469 745 2500 in
776 2478 816 2499 eo
847 2470 1077 2501 consciencias
1107 2473 1298 2506 onerantesq
1338 2473 1500 2513 quatenns
1530 2469 1752 2511 investigatis„
1791 2469 1952 2511 inquisitis
1993 2470 2025 2499 ct>
2049 2468 2200 2499 circum-

334 2528 455 2569 spectis
486 2526 646 2559 dietornm
678 2530 880 2561 vicariorum
911 2527 1082 2567 oneribus,
1122 2528 1354 2563 observanciis
1385 2533 1418 2562 ct
1446 2528 1608 2562 mandatis
1638 2530 1669 2562 in
1698 2527 1944 2561 reformacionc
1982 2530 2046 2560 tam
2085 2530 2198 2560 nostra

334 2596 429 2629 quam
461 2586 535 2618 dieti
566 2587 686 2620 domini
721 2588 854 2621 Arnesti
885 2591 1048 2622 contentis
1078 2599 1138 2634 pro
1169 2589 1231 2622 hae
1260 2592 1348 2629 vice„
1378 2592 1404 2623 si
1434 2589 1615 2624 secundum
1644 2588 1740 2621 (lcum
1770 2586 1937 2621 videbitur
1958 2586 2049 2620 etad
2071 2590 2198 2620 certum

334 2650 461 2690 tempus
492 2647 625 2679 easdem
658 2647 899 2682 observaneias
929 2652 1125 2682 auctoritate
1155 2654 1280 2686 nostrzu
1321 2661 1417 2695 quam
1458 2649 1553 2684 vobis
1592 2649 1706 2682 damus
1744 2646 1966 2693 presentibus,
2005 2649 2037 2680 in
2076 2645 2196 2680 Christi
