2313 3090
1021 196 1093 230 ⁹59

125 299 224 332 micbi
254 299 334 332 dare
364 304 395 333 et
425 300 560 333 solvere
591 305 746 334 tenentur
775 301 903 333 duobus
934 304 964 334 in
995 304 1156 334 terminis.
1180 304 1209 333 in
1232 304 1337 333 sancti
1360 300 1498 345 Georgii
1522 302 1676 335 videlieet
1699 302 1751 334 vel
1776 306 1804 334 in
1827 308 1991 347 quatuor-

124 360 230 393 decim
261 359 376 393 diebus
407 360 596 393 immediate
625 365 699 406 post
729 362 939 395 medietatem
962 367 991 394 et
1016 365 1045 395 in
1066 365 1172 395 sancti
1200 360 1399 394 Micbabelis
1429 362 1482 394 vel
1504 362 1754 407 quatuordecim
1785 362 1900 395 diebus
1920 368 1992 408 post

123 421 316 454 immediate
347 420 440 455 festis
470 424 633 466 proximis
663 427 693 455 et
723 434 759 455 se
790 427 901 455 niutuo
931 422 1159 467 sequentibus.
1191 422 1355 455 dilacione
1386 428 1414 455 et
1447 424 1718 456 contradiccione
1740 423 1990 468 ‹piilniseunque

123 481 351 526 proculmotis.
391 482 429 515 ad
465 482 643 515 tenendum
685 482 868 519 reo-endum
913 483 1133 516 utit'ruenduin
1178 494 1217 516 uc
1261 483 1464 517 hereditarie
1507 490 1536 516 et
1581 488 1752 529 perpetuis
1789 484 1991 529 temporibus

121 542 358 587 possidendum
389 554 520 576 necnon
552 547 581 576 111
611 554 690 576 usus
720 547 873 588 proprios
905 544 1168 577 c‹mvertenduin
1201 549 1230 577 et
1263 555 1335 577 cum
1367 545 1482 577 eadem
1515 545 1590 578 villa
1612 545 1866 590 disponendum.
1894 550 1986 589 prout

122 606 201 648 ipsis
232 603 348 636 melius
378 603 545 637 videbitur
574 604 747 649 expedire.
779 605 838 638 sub
878 609 1008 651 punctis
1046 604 1298 638 condicionibus
1338 610 1368 637 et
1405 607 1552 639 articulis
1590 606 1822 651 intruseriptis.
1880 605 1990 638 Primo

89 664 278 701 fx‘idelicet
317 669 351 697 et.
387 664 627 710 principaliter.
663 666 748 709 quod
790 678 854 701 ego
895 665 1033 699 Slawko
1074 666 1242 711 predictus
1281 666 1420 699 eandem
1463 667 1571 699 111111111
1611 666 1780 712 Obirzan)v
1813 672 1927 700 tenere
1958 672 1987 700 et

121 723 310 758 inhabitare
340 736 473 770 possum
505 729 535 758 et
566 725 673 759 debeo
703 729 778 759 vice
796 731 824 758 et
858 730 990 759 nomine
1020 726 1246 771 predictorum
1270 730 1392 771 prioris
1413 731 1440 759 et
1465 732 1663 761 conventus.
1686 733 1836 761 araturas
1857 739 1989 773 quoque

120 796 181 831 pro
213 789 354 820 annonis
384 785 581 819 hiemalibus
612 791 722 820 tamen
752 787 790 819 ad
823 790 967 832 ipsorum
999 787 1204 820 voluntatem
1236 790 1412 820 seminare.
1446 788 1571 820 incolas
1601 799 1683 820 vero
1715 792 1815 833 ipsius
1851 789 1927 822 ville
1958 792 1986 821 in

120 846 212 880 nullo
232 850 362 893 penitus
382 846 585 880 conturbare
604 847 659 880 vel
689 846 940 892 quiluiscnnque
972 847 1210 881 exaccionibus
1241 851 1361 881 steuris
1392 848 1530 882 1011111115ι
1561 860 1598 881 ac
1629 850 1699 882 aliis
1729 850 1988 893 donariisjustis

121 907 175 940 vel
198 910 326 942 iniustis
347 907 595 953 quomodolibet
624 918 828 952 aggravare.
861 907 926 941 Sed
959 908 1224 953 quandocunque
1253 919 1313 954 per
1344 912 1432 954 ipsos
1463 912 1606 954 priorem
1639 915 1667 942 et
1699 915 1901 943 conventum
1931 922 1989 944 seu

119 968 216 1002 alium
247 979 362 1002 eorum
393 971 528 1002 nomine
558 971 702 1001 monitus
731 973 763 1001 et
792 971 971 1013 requisitus
1002 970 1109 1004 fuero.
1141 974 1264 1002 extunc
1295 969 1401 1002 debeo
1423 974 1452 1002 et
1476 974 1594 1002 teneor
1615 973 1692 1015 ipsis
1714 971 1852 1004 eundem
1877 971 1985 1004 villani

119 1028 257 1063 liberam
287 1033 319 1062 et
347 1029 487 1063 solutam
518 1031 656 1062 semotis
685 1028 929 1062 difficultatibus
960 1034 988 1061 et
1021 1029 1347 1063 contradiccionibus
1378 1033 1564 1070 resignare.
1624 1030 1762 1076 insuper
1791 1032 1866 1064 dicti
1898 1035 1988 1076 prior

119 1093 148 1122 et
179 1094 366 1123 conventus
396 1092 603 1135 empcionem
634 1094 825 1135 presentem
857 1089 982 1123 babere
1012 1090 1132 1123 debent
1163 1093 1193 1123 in
1225 1093 1369 1135 ipsorum
1401 1090 1537 1123 arbitrio
1568 1094 1709 1136 opeione
1745 1103 1782 1124 111·
1803 1092 1985 1125 voluntate.

118 1150 204 1195 quod
243 1153 270 1184 si
313 1161 512 1196 quocunque
540 1153 788 1184 interveniente
817 1161 896 1183 casu
927 1154 1005 1196 ipsis
1036 1151 1118 1184 inl'ra
1150 1151 1227 1184 hinc
1256 1156 1284 1184 et
1317 1155 1421 1185 sancti
1462 1150 1599 1190 Georgii
1640 1152 1758 1185 festum
1798 1155 1985 1197 proximum

117 1211 258 1245 eandem
296 1211 407 1245 vittam
447 1222 507 1257 pro
545 1222 672 1245 summa
713 1210 799 1244 dicte
836 1214 976 1256 pecunie
1017 1212 1140 1245 babere
1179 1217 1209 1245 et
1241 1217 1357 1245 tenere
1387 1223 1451 1245 non
1487 1212 1673 1258 expedierit
1703 1223 1761 1246 seu
1791 1214 1986 1259 simpliciter

117 1270 243 1305 habere
271 1272 450 1313 noluerint,
480 1283 600 1317 meque
620 1283 680 1318 pro
701 1275 850 1318 pecuniis
872 1275 1109 1317 qninquaginta
1133 1283 1320 1305 marcarum
1343 1272 1452 1305 michi.
1476 1277 1507 1305 ut
1529 1275 1682 1318 superius
1703 1278 1751 1306 est
1773 1285 1984 1318 expressum.

115 1342 176 1377 per
205 1342 264 1365 eos
291 1332 470 1378 persolutis
501 1336 689 1366 monuerint
719 1344 777 1367 seu
809 1343 946 1366 monere
977 1336 1246 1379 procuraverint.
1287 1338 1411 1367 extunc
1449 1337 1527 1379 ipsis
1565 1334 1712 1379 prefatas
1746 1337 1982 1380 quinquaginta

117 1403 247 1426 marcas
275 1403 339 1426 una
369 1404 442 1427 cum
473 1404 575 1427 censu
607 1393 647 1427 de
676 1394 823 1439 predicta
854 1394 930 1427 vitta
961 1405 1021 1438 pro
1050 1397 1192 1427 termino
1223 1397 1328 1428 sancti
1369 1394 1506 1431 Georgii
1545 1399 1767 1440 proveniente
1803 1407 1868 1439 ego
1898 1407 1983 1441 pre-

115 1452 202 1487 fatus
232 1453 371 1488 Slawko
411 1465 552 1488 unacum
591 1453 786 1500 subscriptis
826 1454 1076 1488 fideiussoribus
1115 1454 1199 1488 infra
1240 1456 1378 1488 duorum
1420 1459 1581 1489 niensium
1619 1459 1765 1501 spacium
1807 1461 1917 1489 mutuo
1948 1468 1984 1489 se

116 1517 344 1559 sequencium.
375 1526 391 1548 a
423 1518 612 1548 monicione
651 1518 796 1560 ipsorum
829 1516 1064 1561 computando.
1102 1521 1220 1549 teneor
1249 1521 1279 1549 et
1309 1519 1465 1561 promitto
1496 1516 1621 1561 absque
1651 1517 1922 1550 contrzuliceione
1953 1522 1981 1549 et

116 1575 309 1608 difficultate
338 1576 536 1621 persolvere
566 1579 705 1621 pecunia
736 1587 808 1609 cuin
840 1581 966 1621 parata.
1025 1576 1110 1609 Casu
1143 1588 1226 1610 vero
1256 1588 1320 1622 quo
1351 1580 1410 1622 ipsi
1446 1580 1537 1622 prior
1567 1582 1596 1610 et
1627 1583 1815 1611 conventus
1845 1579 1982 1623 predicti

116 1639 308 1670 monasterii
338 1640 442 1682 ipsam
472 1637 582 1670 villam
615 1636 785 1681 Obirzany
817 1641 845 1669 et
878 1640 979 1681 ipsum
1013 1641 1220 1682 einpcionein
1253 1643 1356 1671 ratam
1389 1637 1514 1671 babere
1545 1639 1721 1672 voluerint.
1761 1643 1884 1672 extunc
1921 1650 1981 1672 nos

116 1696 255 1731 Stawko
285 1698 391 1731 dictus
420 1697 593 1743 Nyemeez
623 1697 662 1731 de
691 1697 925 1743 Prossyeczye
956 1698 1112 1731 venditor
1141 1699 1343 1744 principalis.
1374 1698 1434 1732 Jan
1467 1699 1572 1732 dictus
1609 1699 1752 1744 Przybilx·
1791 1699 1831 1732 de
1872 1699 1981 1733 Odio-

114 1757 278 1801 chowicz,
294 1757 457 1793 Martinus
479 1759 584 1792 dictus
606 1757 792 1804 Pernsteyn
814 1759 853 1792 de
872 1758 1063 1803 l'onyeticz.
1087 1759 1186 1792 Lewa
1209 1759 1249 1791 de
1269 1758 1670 1805 Zydyenicz.XVyeczlzo
1687 1760 1727 1792 de
1749 1759 1981 1805 Opatbowieu

70 1814 77 1823 ’
113 1817 174 1852 Jan
205 1819 246 1853 de
275 1817 414 1854 Blissicz
444 1824 476 1853 et
505 1818 680 1853 Conradus
710 1819 750 1853 de
781 1818 1003 1853 Czernowicz
1034 1822 1204 1864 nostrique
1243 1819 1387 1853 heredes
1427 1819 1641 1853 fideiussores
1679 1823 1981 1865 compromissores

113 1891 151 1913 ac
182 1879 437 1925 dishrigatores.v
468 1891 585 1914 omncs
615 1883 645 1914 in
676 1880 815 1913 solidum
847 1891 945 1913 111111111
979 1883 1154 1912 coniuncta
1186 1885 1214 1911 et
1247 1880 1377 1913 indivisi
1395 1880 1454 1913 sub
1484 1880 1558 1914 fidei
1591 1886 1703 1914 nostre
1734 1884 1874 1927 puritate
1897 1892 1981 1926 pro-

113 1944 270 1975 mittimus
299 1946 331 1974 et
359 1941 562 1987 spondemus
592 1945 728 1975 semotis
759 1941 834 1974 dolo
865 1946 894 1974 et
926 1940 1055 1974 fraude.
1086 1940 1242 1985 predictis
1281 1944 1383 1986 priori
1414 1945 1593 1974 conventui
1634 1945 1824 1974 monasterii
1855 1952 1980 1987 supra-

113 2001 190 2035 dicti
210 2006 241 2035 et
271 2012 387 2036 eorum
416 2001 670 2035 successoribus
700 2012 831 2035 necnon
862 2002 900 2034 ad
933 2001 1046 2034 fideles
1078 2011 1192 2033 manus
1223 2000 1341 2034 nobilis
1372 2001 1494 2035 domini
1526 2001 1668 2035 Erhardi
1691 2002 1731 2035 de
1761 2001 1919 2035 Cbnnstat
1942 2014 1980 2035 111·

112 2065 214 2108 ipsius
243 2061 404 2096 heredum
436 2062 556 2095 dictam
587 2062 697 2095 villam
730 2061 901 2107 Obirzan)¹
933 2073 1005 2095 cuni
1037 2060 1189 2094 omnibus
1228 2065 1295 2095 suis
1334 2065 1549 2108 pertinenciis
1580 2064 1656 2106 jure
1696 2075 1734 2095 110.
1766 2063 1910 2095 dominio
1941 2074 1979 2095 110

112 2125 278 2157 universis
295 2126 326 2155 et
342 2122 482 2167 singulis
502 2125 655 2168 superius
676 2125 882 2168 expressatis
899 2122 1105 2165 generaliter
1124 2121 1164 2154 ab
1186 2122 1339 2155 omnibus
1369 2122 1635 2168 inipetu-ionibus
1657 2123 1838 2156 bominum.
1861 2125 1978 2155 cuius-

111 2194 242 2229 cunque
271 2188 375 2218 status
394 2194 497 2217 sexus
517 2184 571 2216 vel
593 2183 799 2217 condicionis
815 2185 900 2226 juris
921 2185 1085 2216 canonici.
1109 2186 1278 2215 terrestris
1299 2183 1352 2216 vel
1375 2184 1480 2216 civilis
1511 2188 1539 2215 et
1571 2184 1761 2229 specialiter
1780 2183 1820 2216 ab
1842 2186 1978 2228 impeti-

111 2247 208 2278 cione
237 2244 370 2277 domine
399 2243 501 2278 Anne
521 2245 562 2277 de
583 2244 727 2278 Plawcz.
749 2243 936 2277 Frankonis
966 2244 1006 2275 de
1029 2241 1183 2275 Radkow
1204 2243 1419 2276 conthoralis.
1451 2255 1513 2288 que
1535 2249 1666 2277 centuni
1689 2249 1718 2276 et
1741 2246 1976 2288 quinquaginta

111 2315 241 2339 marcas
274 2314 470 2349 grossorum
501 2309 634 2339 nomine
672 2305 815 2339 dotalicii
847 2316 946 2351 super
973 2304 1047 2337 xilla
1079 2304 1194 2336 eadem
1227 2303 1422 2337 intabulatas
1457 2304 1581 2337 babere
1620 2304 1749 2337 dicitur.
1788 2303 1978 2336 omnimode

109 2365 298 2410 dishrigare
314 2370 346 2398 et
361 2365 594 2400 nichilominus
612 2370 642 2400 in
659 2369 814 2412 proximo
831 2366 1040 2399 dominorum
1060 2369 1148 2397 terre
1164 2364 1329 2409 colloquio
1349 2364 1469 2398 Brune.
1487 2376 1583 2409 quain
1601 2368 1740 2410 primuni
1759 2364 1867 2398 tabule
1889 2369 1978 2398 terre

109 2431 224 2472 aperte
249 2425 382 2469 fuerint⁷
407 2426 548 2460 eandem
577 2427 686 2460 villam
715 2427 894 2472 sepedictis
915 2428 1016 2472 priori
1047 2436 1085 2457 ac
1107 2428 1285 2458 conventui
1308 2436 1490 2470 eorumque
1516 2425 1768 2458 successoribus
1793 2424 1977 2458 intabutare

109 2487 247 2532 aliisque
267 2486 519 2532 quibuscunque
541 2486 626 2520 dicta
649 2487 724 2520 villa
746 2486 925 2520 intabulata
948 2486 1020 2520 fore
1041 2486 1235 2521 dinoscitur.
1258 2485 1453 2518 extabulare
1474 2488 1603 2531 penitus
1624 2490 1654 2518 et
1676 2485 1800 2518 delere.
1824 2485 1858 2519 Si
1881 2496 1975 2518 vero.

108 2547 195 2593 quod
217 2547 300 2581 absit
328 2547 484 2592 legitimis
505 2547 666 2592 prepediti
696 2548 939 2593 impedimentis
970 2547 1032 2580 boc
1062 2546 1238 2579 commode
1260 2546 1372 2578 lacere
1401 2546 1587 2579 nullatenus
1619 2546 1818 2579 valeremus.
1841 2550 1916 2579 tunc
1942 2548 1972 2579 in

108 2608 274 2653 colloquio
304 2608 511 2641 dominorum
543 2607 734 2641 immediate.
763 2611 914 2653 sequenti
944 2611 1106 2653 premissa
1138 2606 1320 2651 adimplere
1351 2617 1535 2650 omnesque
1565 2610 1595 2639 et
1629 2606 1778 2651 singulos
1816 2607 1974 2640 articulos

108 2671 341 2715 promissionis
372 2671 524 2714 superius
545 2679 727 2713 expressos
748 2662 966 2702 effectualiter
987 2673 1017 2701 et
1039 2670 1109 2701 51110
1131 2666 1303 2711 dispendio
1325 2677 1526 2700 consumare
1553 2669 1773 2712 proniittinnis
1794 2670 1974 2700 occasione

1799 2730 1814 2753 53
1821 2729 1836 2753 :3
1842 2725 1858 2740 '⁴‘
