2313 3090
1039 194 1107 227 199

139 298 197 332 der
225 297 485 343 kegenwortige
516 297 615 332 hrieff
639 298 687 332 sal
716 298 824 331 denne
862 297 975 332 fiirbas
1015 298 1068 332 tod
1099 302 1171 332 sein
1201 298 1264 332 und
1295 297 1373 331 kein
1402 296 1500 331 krafft
1528 296 1614 330 noch
1646 296 1756 330 macht
1786 308 1857 330 mer
1887 296 2008 330 haben.

141 359 208 392 Des
246 370 285 392 zu
323 358 452 392 urktind
493 370 529 393 so
560 358 669 392 haben
697 362 763 393 wir
791 370 893 393 unser
922 359 1136 403 obgenanten
1165 363 1228 393 stat
1258 358 1344 403 sigel
1374 358 1432 392 das
1461 362 1601 403 grosser
1631 361 1689 391 mit
1718 357 1853 391 rechter
1884 361 2009 391 wissen

135 419 315 464 gehangen
345 430 386 452 an
416 419 479 453 den
509 418 615 459 brteff,
646 419 705 452 der
733 419 844 464 geben
874 423 913 453 ist
944 431 982 452 zu
1013 418 1134 463 Frage„
1165 420 1205 453 do
1237 431 1311 454 man
1350 419 1435 453 zalte
1478 418 1563 452 nach
1594 418 1692 452 Cristi
1736 422 1880 464 gepiirte
1912 418 2008 452 drei-

137 479 368 514 zehnbundert
406 481 460 524 jar
498 480 562 513 und
601 480 747 513 darnach
786 483 817 514 in
856 480 930 514 dem
967 480 1355 525 vierundneunzigistem
1388 481 1473 523 jare.
1504 490 1545 513 an
1574 478 1655 512 send
1686 478 1802 512 Peters
1831 479 1895 512 und
1927 479 2008 512 send

138 540 234 575 Pauls
263 540 370 574 abend
401 540 460 574 der
489 540 635 585 heiligen
665 541 892 575 zwclffboten.

452 663 613 698 (Absehrift
645 673 695 689 aus
727 664 788 690 dem
822 663 901 698 Orig,
935 664 970 689 im
1005 664 1121 689 &Vicner
1154 664 1179 689 k.
1204 664 1231 689 k.
1265 662 1504 689 b'taats-Arcliivc
1533 662 1567 687 im
1595 662 1658 688 kou.
1685 662 1779 689 bizhm.
1806 662 1944 687 Museum.
1970 676 2011 680 —

346 715 472 748 Abgedr.
500 716 527 740 in
554 715 664 740 Pelzels
700 716 735 743 K,
762 716 881 741 XVenzel
908 716 929 743 l.
957 716 1066 741 L'rkdb.
1090 725 1118 750 p,
1148 714 1230 749 132.)

1021 965 1132 1002 ⁴206.

144 1050 219 1084 Der
250 1050 424 1085 Olmzilzer
453 1051 673 1097 be'sckolle'clee
705 1053 846 1097 Officia!
873 1053 1009 1086 doleam!
1040 1064 1104 1085 1·οη
1137 1051 1267 1085 (ιἸιαίεη
1298 1053 1383 1097 lrifft
1411 1053 1508 1085 ez‘nen
1541 1050 1714 1094 Vemleicle
1745 1050 1912 1084 zeriscleeu
1939 1051 2010 1083 dem

197 1111 246 1145 St.
281 1111 642 1146 Katharinenltloster
671 1115 702 1146 2¹11
737 1113 868 1146 Olmiltz-
899 1114 966 1146 mul
994 1113 1065 1146 dem
1097 1112 1244 1157 Pfarrer
1274 1114 1306 1145 εἴη
1330 1112 1481 1153 Brodels,
1511 1111 1688 1155 bc’zilqlz'cle
1719 1112 1778 1145 des
1801 1111 1958 1144 Zeleeut-

585 1174 731 1218 bez-elyas·
762 1176 793 1207 in
824 1173 972 1207 Brodels.
1007 1173 1063 1206 Dt.
1099 1172 1231 1206 Olmattz-
1264 1172 1319 1206 10.
1351 1172 1425 1205 Julz·
1455 1171 1563 1205 1394.

298 1258 492 1313 ‘lohannes
535 1278 576 1312 de
606 1277 736 1312 Ghulen
778 1282 967 1324 prepositus
1005 1281 1036 1311 in
1075 1276 1417 1319 Wotsramskirchen,
1457 1280 1603 1310 vicarius
1642 1280 1673 1310 in
1717 1275 1940 1322 spiritualibus
1983 1280 2014 1309 et

146 1340 298 1376 officialis
328 1340 573 1383 monium-usis,
604 1340 644 1374 ad
674 1345 867 1386 perpetuam
898 1342 1093 1373 memoriam
1125 1343 1157 1372 et
1185 1341 1340 1372 noticiam
1371 1342 1467 1382 geste
1498 1341 1557 1371 rci.
1580 1337 1633 1371 Ad
1657 1338 1829 1383 providam
1856 1337 2014 1370 ordinarii

145 1404 486 1447 circumspeccionem
508 1403 678 1446 pertinere
700 1401 881 1434 dinoscitur
903 1403 987 1434 intcr
1007 1410 1170 1446 personas
1191 1398 1439 1432 ecclesiasticas
1459 1398 1638 1442 litigiorum
1664 1402 1837 1444 amputare
1859 1400 2015 1431 materias

145 1468 176 1497 et
205 1467 304 1509 prout
331 1473 447 1496 eorum
478 1464 575 1496 statui
605 1461 766 1507 expedire
797 1464 1024 1505 cognoscitur,
1055 1460 1335 1494 reformacionem
1358 1464 1390 1492 et
1410 1459 1620 1492 commodum
1647 1469 1843 1504 procurare.
1882 1457 2014 1491 Pridem

147 1523 309 1569 siquidem
338 1526 424 1556 inter
452 1522 630 1567 religiosas
660 1522 867 1555 deodevotas
896 1532 1034 1555 sorores
1065 1519 1261 1554 Adticzkam
1293 1523 1486 1565 priorissam
1518 1524 1549 1553 ct
1579 1524 1782 1553 conventum
1821 1521 2016 1552 monasterii

148 1584 337 1618 monialium
367 1588 482 1618 sancte
512 1582 695 1617 Katherine
725 1586 755 1616 in
787 1582 948 1616 Olomucz
978 1582 1103 1615 ordinis
1132 1581 1379 1627 predicatorum
1406 1592 1449 1614 cx
1487 1592 1563 1615 una.
1603 1585 1633 1614 et
1672 1581 1839 1614 dominum
1870 1579 2015 1622 Petrum,

144 1650 310 1679 rectorem
340 1647 413 1678 sivc
442 1643 617 1690 plebanum
647 1644 792 1677 ecclesie
821 1642 1040 1689 parrochialis
1061 1645 1093 1675 in
1122 1641 1257 1675 Brodek
1286 1641 1325 1675 ad
1357 1652 1471 1675 earum
1501 1645 1791 1687 presentacionem
1822 1642 2016 1686 spectantis,

148 1706 381 1739 Olomucensis
411 1705 556 1739 diocesis
584 1709 678 1750 parte
708 1715 750 1738 ex
780 1704 896 1745 11116111.Δ
927 1703 967 1736 de
997 1707 1029 1736 ct
1057 1713 1158 1748 supcr
1187 1702 1381 1748 quibusdam
1413 1702 1550 1737 decimis
1579 1703 1620 1736 de
1649 1702 1791 1748 quodam
1822 1701 1931 1735 laneo.
1962 1703 2017 1745 qui

147 1767 222 1801 olim
253 1766 292 1800 ad
323 1769 448 1800 curiam
479 1765 683 1799 colonariam
715 1765 875 1798 dictarum
908 1764 1096 1797 monialium
1128 1767 1158 1796 in
1189 1763 1274 1796 dicta
1305 1763 1382 1796 villa
1412 1762 1546 1796 Brodck
1576 1766 1728 1797 situatam
1759 1764 1935 1807 spectavit,
1958 1772 2017 1806 per

91 1822 97 1829 ³
146 1831 234 1874 ipsas
263 1827 411 1870 vendito5
443 1830 502 1872 ipsi
530 1826 685 1872 plebano.
715 1831 749 1860 ut
780 1830 945 1868 asserunt,
975 1824 1167 1858 solvendas.
1198 1836 1236 1857 ae
1266 1823 1337 1857 aliis
1363 1824 1527 1857 nonnullis
1558 1822 1868 1869 perturbacionibus
1898 1825 2016 1854 exorta

149 1891 286 1922 materia
317 1890 512 1933 questioni&
543 1892 680 1927 attento,
711 1887 796 1932 quod
815 1887 993 1931 religiosos
1010 1889 1038 1917 et
1071 1885 1320 1917 ecclesiasticos
1350 1887 1451 1929 quieti
1472 1884 1601 1917 deditos
1622 1895 1682 1930 pro
1713 1895 1818 1929 parvo
1840 1882 2016 1916 conunodo

148 1961 214 1984 non
243 1949 400 1995 expediat
429 1947 620 1994 strepitibus
658 1947 848 1981 forensibus
887 1946 1024 1980 distrahi
1065 1950 1094 1978 ct
1134 1948 1302 1990 occupari.
1343 1956 1383 1978 nc
1414 1956 1457 1978 ex
1486 1948 1659 1990 premissis
1694 1947 1780 1977 inter
1809 1955 1867 1977 cos
1897 1943 2015 1988 aliquid

150 2013 290 2044 evenire
318 2013 424 2055 possit
453 2009 626 2055 dispendii.
656 2009 776 2054 placuit
807 2011 855 2042 cis·
885 2011 1002 2053 partim
1034 2009 1295 2052 permutacione.
1326 2008 1444 2051 partim
1475 2005 1536 2038 alia
1568 2005 1784 2038 ordinacione
1823 2003 2017 2037 racionabili

149 2071 268 2104 dictam
299 2070 517 2104 dissensionis
547 2073 719 2103 materiam
741 2069 780 2103 ad
801 2073 996 2115 perpetuam
1027 2067 1241 2101 concordiam
1271 2066 1384 2099 reduci
1416 2070 1446 2099 et
1477 2066 1600 2099 sedari.
1631 2065 1713 2098 Cum
1734 2068 1844 2110 itaque
1867 2065 2018 2097 dominus

152 2131 279 2175 Petrus,
310 2130 470 2177 plebanus
510 2134 582 2164 sivo
620 2134 732 2164 rector
770 2130 938 2175 predictus
978 2133 1009 2162 et
1048 2128 1191 2161 ccclesia
1230 2138 1288 2160 sua
1328 2130 1359 2159 in
1399 2125 1532 2159 l3rodck
1567 2128 1597 2159 in
1628 2125 1745 2158 cadem
1776 2125 1852 2158 villa
1886 2123 2018 2158 Brodck

150 2191 303 2226 habuerit·
331 2192 494 2237 quendam
527 2195 726 2237 piscatorem
767 2192 805 2225 ad
847 2194 935 2236 ipsos
975 2193 1180 2235 spectantem
1221 2192 1249 2220 ct
1287 2190 1335 2220 ci>v
1374 2190 1540 2220 annuatim
1581 2197 1718 2220 censum
1757 2186 1898 2231 aliquem
1939 2187 2018 2218 satis

151 2264 291 2299 parvum
330 2257 359 2286 et
404 2253 644 2286 int'rm·tu‹›s1un
688 2253 888 2287 solventem.
932 2254 984 2297 qui
1024 2253 1169 2295 piscator
1208 2249 1302 2281 dictis
1332 2247 1504 2281 sororibus
1547 2249 1718 2292 priorisse.
1763 2248 1943 2279 conwntut
1988 2249 2018 2277 ct

152 2316 354 2347 monasterio
385 2313 621 2347 commodosus
645 2313 868 2357 judicabatur7
901 2324 943 2346 cx
974 2313 1206 2345 convencione
1237 2314 1363 2343 matura
1395 2312 1480 2342 intcr
1509 2319 1568 2341 cos
1608 2308 1693 2341 facta
1723 2307 1852 2353 prcl'atc
1882 2317 2019 2339 sorores

151 2377 309 2420 priorissa
335 2378 521 2407 conventus
542 2379 573 2407 et
594 2377 831 2408 monasterium
855 2373 1018 2418 quendam
1042 2383 1157 2405 corum
1180 2370 1343 2404 subditum
1366 2369 1558 2402 censualem
1581 2371 1714 2402 nomine
1736 2368 1818 2401 Bon.
1842 2366 2018 2400 habentem

151 2439 181 2467 et
211 2434 375 2468 colentem
407 2445 504 2467 unum
535 2435 684 2479 quartale
714 2437 809 2468 unius
839 2434 924 2467 lanei
963 2438 1053 2466 terre
1092 2431 1225 2465 arabilis
1265 2434 1295 2464 in
1334 2433 1459 2475 eampis
1500 2430 1586 2462 ‹lietc
1626 2429 1703 2462 villc
1733 2431 1817 2462 inter
1847 2427 2018 2461 tabernam

152 2495 315 2541 publicam
346 2506 362 2528 a
394 2496 545 2530 dextera.
576 2500 605 2528 ct
637 2499 723 2529 inter
751 2494 991 2529 wenceslaum
1022 2505 1039 2526 a
1070 2496 1201 2526 sinistra
1232 2497 1326 2538 parte
1347 2494 1455 2525 situati
1477 2502 1549 2524 cuin
1572 2502 1650 2523 arca
1672 2490 1710 2523 ad
1737 2500 1810 2522 cum
1833 2493 2018 2534 spectante.

151 2555 193 2589 Et
221 2567 264 2590 ne
293 2555 479 2589 huiusmodi
511 2559 616 2589 minus
646 2556 850 2590 sufficientes
881 2556 1017 2589 iudicari
1048 2558 1194 2600 posscnh
1226 2556 1329 2586 ceiam
1361 2557 1501 2597 (piatuor
1529 2562 1670 2593 grossos
1700 2553 1797 2584 annui
1828 2561 1949 2583 census
1980 2550 2020 2582 de

155 2616 293 2662 quadam
324 2617 484 2650 curticula
515 2617 700 2661 vulgariter
728 2621 914 2662 nuncupata
954 2614 1144 2662 possicdck,
1186 2617 1278 2647 cuius
1314 2614 1430 2646 (lomus
1470 2623 1511 2645 cx
1550 2614 1702 2657 opposito
1743 2610 1859 2643 (lomus
1890 2609 2020 2655 plebani

155 2677 275 2711 ibidem
305 2681 353 2711 est
384 2680 513 2711 situata.
545 2688 617 2710 cum
648 2677 742 2711 dictis
772 2681 874 2722 agris3
905 2680 1006 2719 areis,
1045 2676 1196 2710 domibus
1235 2680 1265 2707 ct
1304 2684 1418 2707 corum
1459 2671 1732 2706 inhabitatoribus
1772 2675 1803 2704 et
1837 2669 2019 2704 cultoribus
