<?xml version="1.0" encoding="UTF-8"?>
<!DOCTYPE html PUBLIC "-//W3C//DTD XHTML 1.0 Transitional//EN"
    "http://www.w3.org/TR/xhtml1/DTD/xhtml1-transitional.dtd">
<html xmlns="http://www.w3.org/1999/xhtml" xml:lang="en" lang="en">
 <head>
  <title>
</title>
<meta http-equiv="Content-Type" content="text/html;charset=utf-8" />
  <meta name='ocr-system' content='tesseract 3.04.00' />
  <meta name='ocr-capabilities' content='ocr_page ocr_carea ocr_par ocr_line ocrx_word'/>
</head>
<body>
  <div class='ocr_page' id='page_1' title='image "./codexdiplomaticu12morauoft_0395.png"; bbox 0 0 2313 3090; ppageno 0'>
   <div class='ocr_carea' id='block_1_1' title="bbox 0 336 15 463">
    <p class='ocr_par' dir='ltr' id='par_1_1' title="bbox 0 336 15 463">
     <span class='ocr_line' id='line_1_1' title="bbox 0 336 15 463; textangle 90"><span class='ocrx_word' id='word_1_1' title='bbox 0 388 15 463; x_wconf 53' lang='grc' dir='ltr'>ὀν’</span> <span class='ocrx_word' id='word_1_2' title='bbox 0 336 2 341; x_wconf 52' lang='grc'><em>’</em></span> 
     </span>
    </p>
   </div>
   <div class='ocr_carea' id='block_1_2' title="bbox 0 469 25 1092">
    <p class='ocr_par' dir='ltr' id='par_1_2' title="bbox 0 469 25 1092">
     <span class='ocr_line' id='line_1_2' title="bbox 0 469 25 1092; textangle 90"><span class='ocrx_word' id='word_1_3' title='bbox 1 1086 6 1092; x_wconf 87' lang='grc'><strong>-</strong></span> <span class='ocrx_word' id='word_1_4' title='bbox 0 937 19 1075; x_wconf 48' lang='grc' dir='ltr'>ηιςνωξγι</span> <span class='ocrx_word' id='word_1_5' title='bbox 0 836 25 929; x_wconf 47' lang='lat' dir='ltr'>R„</span> <span class='ocrx_word' id='word_1_6' title='bbox 0 817 10 829; x_wconf 72' lang='lat' dir='ltr'>u</span> <span class='ocrx_word' id='word_1_7' title='bbox 0 567 25 804; x_wconf 40' lang='grc' dir='ltr'>τήνρισ-ῆᾚῆ-</span> <span class='ocrx_word' id='word_1_8' title='bbox 0 469 13 559; x_wconf 52' lang='grc'>1.*-</span> 
     </span>
    </p>
   </div>
   <div class='ocr_carea' id='block_1_3' title="bbox 0 1101 26 1826">
    <p class='ocr_par' dir='ltr' id='par_1_3' title="bbox 0 1101 26 1826">
     <span class='ocr_line' id='line_1_3' title="bbox 0 1101 26 1826; textangle 90"><span class='ocrx_word' id='word_1_9' title='bbox 12 1809 26 1826; x_wconf 63' lang='grc'>.,</span> <span class='ocrx_word' id='word_1_10' title='bbox 5 1742 25 1782; x_wconf 52' lang='grc' dir='ltr'>κ».</span> <span class='ocrx_word' id='word_1_11' title='bbox 0 1208 26 1733; x_wconf 41' lang='grc' dir='ltr'>Ἀξ.ωι,·ἐκίψρογμγιτψηνυῑ</span> <span class='ocrx_word' id='word_1_12' title='bbox 0 1188 5 1196; x_wconf 85' lang='grc'><em>“</em></span> <span class='ocrx_word' id='word_1_13' title='bbox 0 1163 21 1182; x_wconf 69' lang='lat'>,1</span> <span class='ocrx_word' id='word_1_14' title='bbox 0 1101 17 1155; x_wconf 74' lang='grc' dir='ltr'><em>-·ι.ῑ</em></span> 
     </span>
    </p>
   </div>
   <div class='ocr_carea' id='block_1_4' title="bbox 0 1975 52 3090">
    <p class='ocr_par' dir='ltr' id='par_1_4' title="bbox 0 1975 52 3090">
     <span class='ocr_line' id='line_1_4' title="bbox 0 1975 52 3090; baseline 0 0"><span class='ocrx_word' id='word_1_15' title='bbox 0 1975 52 3090; x_wconf 95' lang='lat' dir='ltr'> </span> 
     </span>
    </p>
   </div>
   <div class='ocr_carea' id='block_1_5' title="bbox 1047 217 1119 250">
    <p class='ocr_par' dir='ltr' id='par_1_5' title="bbox 1047 217 1119 250">
     <span class='ocr_line' id='line_1_5' title="bbox 1047 217 1119 250; baseline -0.014 0"><span class='ocrx_word' id='word_1_16' title='bbox 1047 217 1119 250; x_wconf 79' lang='grc'>379</span> 
     </span>
    </p>
   </div>
   <div class='ocr_carea' id='block_1_6' title="bbox 981 269 1185 272">
    <p class='ocr_par' dir='ltr' id='par_1_6' title="bbox 981 269 1185 272">
     <span class='ocr_line' id='line_1_6' title="bbox 981 269 1185 272; baseline 0 0"><span class='ocrx_word' id='word_1_17' title='bbox 981 269 1185 272; x_wconf 95' lang='lat' dir='ltr'> </span> 
     </span>
    </p>
   </div>
   <div class='ocr_carea' id='block_1_7' title="bbox 146 318 2017 670">
    <p class='ocr_par' dir='ltr' id='par_1_7' title="bbox 146 318 2017 670">
     <span class='ocr_line' id='line_1_7' title="bbox 147 318 2009 367; baseline -0.001 -13"><span class='ocrx_word' id='word_1_18' title='bbox 147 321 341 365; x_wconf 52' lang='lat' dir='ltr'>hagensis,</span> <span class='ocrx_word' id='word_1_19' title='bbox 372 319 498 353; x_wconf 88' lang='lat' dir='ltr'>ordinis</span> <span class='ocrx_word' id='word_1_20' title='bbox 527 322 632 353; x_wconf 88' lang='lat' dir='ltr'>sancti</span> <span class='ocrx_word' id='word_1_21' title='bbox 665 321 856 364; x_wconf 41' lang='lat' dir='ltr'>Augustini5</span> <span class='ocrx_word' id='word_1_22' title='bbox 895 320 989 354; x_wconf 88' lang='lat' dir='ltr'>nobis</span> <span class='ocrx_word' id='word_1_23' title='bbox 1021 332 1079 367; x_wconf 90' lang='lat' dir='ltr'>pro</span> <span class='ocrx_word' id='word_1_24' title='bbox 1110 325 1184 354; x_wconf 81' lang='lat' dir='ltr'>tunc</span> <span class='ocrx_word' id='word_1_25' title='bbox 1215 320 1253 353; x_wconf 87' lang='lat' dir='ltr'>ad</span> <span class='ocrx_word' id='word_1_26' title='bbox 1285 331 1404 353; x_wconf 84' lang='lat' dir='ltr'>causas</span> <span class='ocrx_word' id='word_1_27' title='bbox 1434 319 1620 353; x_wconf 86' lang='lat' dir='ltr'>ordinarias</span> <span class='ocrx_word' id='word_1_28' title='bbox 1650 318 1847 352; x_wconf 89' lang='lat' dir='ltr'>audiendum</span> <span class='ocrx_word' id='word_1_29' title='bbox 1879 323 1908 352; x_wconf 88' lang='lat' dir='ltr'>et</span> <span class='ocrx_word' id='word_1_30' title='bbox 1936 320 2009 363; x_wconf 89' lang='lat' dir='ltr'>jura</span> 
     </span>
     <span class='ocr_line' id='line_1_8' title="bbox 146 379 2016 426; baseline -0.002 -11"><span class='ocrx_word' id='word_1_31' title='bbox 146 380 352 415; x_wconf 88' lang='lat' dir='ltr'>reddendum</span> <span class='ocrx_word' id='word_1_32' title='bbox 382 379 577 414; x_wconf 82' lang='lat' dir='ltr'>sedentibus</span> <span class='ocrx_word' id='word_1_33' title='bbox 606 391 666 426; x_wconf 89' lang='lat' dir='ltr'>pro</span> <span class='ocrx_word' id='word_1_34' title='bbox 698 380 861 415; x_wconf 82' lang='lat' dir='ltr'>tribunali.</span> <span class='ocrx_word' id='word_1_35' title='bbox 893 386 1003 415; x_wconf 79' lang='lat' dir='ltr'>certas</span> <span class='ocrx_word' id='word_1_36' title='bbox 1034 381 1160 415; x_wconf 88' lang='lat' dir='ltr'>litteras</span> <span class='ocrx_word' id='word_1_37' title='bbox 1191 381 1393 426; x_wconf 85' lang='lat' dir='ltr'>apostolicas</span> <span class='ocrx_word' id='word_1_38' title='bbox 1423 384 1575 426; x_wconf 84' lang='lat' dir='ltr'>patentes</span> <span class='ocrx_word' id='word_1_39' title='bbox 1605 382 1861 422; x_wconf 58' lang='lat' dir='ltr'>conservatorii,</span> <span class='ocrx_word' id='word_1_40' title='bbox 1878 380 2016 426; x_wconf 81' lang='lat' dir='ltr'>prefatis</span> 
     </span>
     <span class='ocr_line' id='line_1_9' title="bbox 148 440 2014 488; baseline -0.002 -12"><span class='ocrx_word' id='word_1_41' title='bbox 148 442 291 476; x_wconf 90' lang='lat' dir='ltr'>dominis</span> <span class='ocrx_word' id='word_1_42' title='bbox 331 451 488 487; x_wconf 89' lang='lat' dir='ltr'>supremo</span> <span class='ocrx_word' id='word_1_43' title='bbox 526 444 686 486; x_wconf 77' lang='lat' dir='ltr'>magistro</span> <span class='ocrx_word' id='word_1_44' title='bbox 723 447 752 475; x_wconf 82' lang='lat' dir='ltr'>et</span> <span class='ocrx_word' id='word_1_45' title='bbox 790 445 971 475; x_wconf 69' lang='lat' dir='ltr'>conventui</span> <span class='ocrx_word' id='word_1_46' title='bbox 1006 453 1065 488; x_wconf 89' lang='lat' dir='ltr'>per</span> <span class='ocrx_word' id='word_1_47' title='bbox 1103 445 1349 475; x_wconf 81' lang='lat' dir='ltr'>sanctissimum</span> <span class='ocrx_word' id='word_1_48' title='bbox 1388 445 1417 475; x_wconf 94' lang='lat' dir='ltr'>iu</span> <span class='ocrx_word' id='word_1_49' title='bbox 1455 440 1588 474; x_wconf 77' lang='lat' dir='ltr'>Christo</span> <span class='ocrx_word' id='word_1_50' title='bbox 1626 445 1752 486; x_wconf 86' lang='lat' dir='ltr'>patrem</span> <span class='ocrx_word' id='word_1_51' title='bbox 1784 445 1814 473; x_wconf 88' lang='lat' dir='ltr'>et</span> <span class='ocrx_word' id='word_1_52' title='bbox 1845 440 2014 474; x_wconf 91' lang='lat' dir='ltr'>dominum</span> 
     </span>
     <span class='ocr_line' id='line_1_10' title="bbox 147 501 2017 549; baseline -0.002 -12"><span class='ocrx_word' id='word_1_53' title='bbox 147 507 295 537; x_wconf 91' lang='lat' dir='ltr'>nostrum</span> <span class='ocrx_word' id='word_1_54' title='bbox 334 502 501 535; x_wconf 89' lang='lat' dir='ltr'>dominum</span> <span class='ocrx_word' id='word_1_55' title='bbox 541 501 746 535; x_wconf 82' lang='lat' dir='ltr'>Bonifacium</span> <span class='ocrx_word' id='word_1_56' title='bbox 786 503 896 537; x_wconf 70' lang='lat' dir='ltr'>divina</span> <span class='ocrx_word' id='word_1_57' title='bbox 928 503 1143 549; x_wconf 66' lang='lat' dir='ltr'>providencia</span> <span class='ocrx_word' id='word_1_58' title='bbox 1175 514 1291 548; x_wconf 89' lang='lat' dir='ltr'>papam</span> <span class='ocrx_word' id='word_1_59' title='bbox 1322 513 1443 535; x_wconf 88' lang='lat' dir='ltr'>nouum</span> <span class='ocrx_word' id='word_1_60' title='bbox 1474 502 1513 535; x_wconf 91' lang='lat' dir='ltr'>ad</span> <span class='ocrx_word' id='word_1_61' title='bbox 1544 506 1670 535; x_wconf 85' lang='lat' dir='ltr'>certum</span> <span class='ocrx_word' id='word_1_62' title='bbox 1701 506 1830 547; x_wconf 83' lang='lat' dir='ltr'>tempus</span> <span class='ocrx_word' id='word_1_63' title='bbox 1860 501 1953 535; x_wconf 89' lang='lat' dir='ltr'>datas</span> <span class='ocrx_word' id='word_1_64' title='bbox 1983 505 2017 534; x_wconf 87' lang='lat' dir='ltr'>et.</span> 
     </span>
     <span class='ocr_line' id='line_1_11' title="bbox 147 562 2010 609; baseline -0.002 -12"><span class='ocrx_word' id='word_1_65' title='bbox 147 574 341 600; x_wconf 30' lang='lat' dir='ltr'>concessas*</span> <span class='ocrx_word' id='word_1_66' title='bbox 380 566 412 596; x_wconf 92' lang='lat' dir='ltr'>in</span> <span class='ocrx_word' id='word_1_67' title='bbox 451 574 657 608; x_wconf 79' lang='lat' dir='ltr'>pergameno</span> <span class='ocrx_word' id='word_1_68' title='bbox 696 567 849 609; x_wconf 69' lang='lat' dir='ltr'>scriptas.</span> <span class='ocrx_word' id='word_1_69' title='bbox 892 566 962 597; x_wconf 73' lang='lat' dir='ltr'>eius</span> <span class='ocrx_word' id='word_1_70' title='bbox 1001 574 1082 596; x_wconf 72' lang='lat' dir='ltr'>vera</span> <span class='ocrx_word' id='word_1_71' title='bbox 1114 562 1198 597; x_wconf 79' lang='lat' dir='ltr'>bulla</span> <span class='ocrx_word' id='word_1_72' title='bbox 1230 563 1383 607; x_wconf 87' lang='lat' dir='ltr'>plumbea</span> <span class='ocrx_word' id='word_1_73' title='bbox 1413 562 1579 608; x_wconf 80' lang='lat' dir='ltr'>pendente</span> <span class='ocrx_word' id='word_1_74' title='bbox 1610 565 1640 595; x_wconf 91' lang='lat' dir='ltr'>iu</span> <span class='ocrx_word' id='word_1_75' title='bbox 1671 562 1806 595; x_wconf 89' lang='lat' dir='ltr'>cordula</span> <span class='ocrx_word' id='word_1_76' title='bbox 1837 573 1894 595; x_wconf 86' lang='lat' dir='ltr'>seu</span> <span class='ocrx_word' id='word_1_77' title='bbox 1927 572 2010 595; x_wconf 87' lang='lat' dir='ltr'>zoua</span> 
     </span>
     <span class='ocr_line' id='line_1_12' title="bbox 147 621 2014 670; baseline -0.001 -13"><span class='ocrx_word' id='word_1_78' title='bbox 147 626 277 669; x_wconf 74' lang='lat' dir='ltr'>canapi‚</span> <span class='ocrx_word' id='word_1_79' title='bbox 321 626 354 657; x_wconf 90' lang='lat' dir='ltr'>in</span> <span class='ocrx_word' id='word_1_80' title='bbox 391 634 454 669; x_wconf 88' lang='lat' dir='ltr'>qua</span> <span class='ocrx_word' id='word_1_81' title='bbox 495 622 627 668; x_wconf 89' lang='lat' dir='ltr'>quidem</span> <span class='ocrx_word' id='word_1_82' title='bbox 667 623 751 657; x_wconf 89' lang='lat' dir='ltr'>lmlla</span> <span class='ocrx_word' id='word_1_83' title='bbox 790 636 806 657; x_wconf 87' lang='lat' dir='ltr'>a</span> <span class='ocrx_word' id='word_1_84' title='bbox 847 629 939 670; x_wconf 88' lang='lat' dir='ltr'>parte</span> <span class='ocrx_word' id='word_1_85' title='bbox 977 635 1040 657; x_wconf 90' lang='lat' dir='ltr'>uua</span> <span class='ocrx_word' id='word_1_86' title='bbox 1080 624 1143 657; x_wconf 92' lang='lat' dir='ltr'>duo</span> <span class='ocrx_word' id='word_1_87' title='bbox 1183 626 1289 669; x_wconf 88' lang='lat' dir='ltr'>capita</span> <span class='ocrx_word' id='word_1_88' title='bbox 1330 623 1483 657; x_wconf 69' lang='lat' dir='ltr'>videlicet</span> <span class='ocrx_word' id='word_1_89' title='bbox 1523 627 1714 656; x_wconf 77' lang='lat' dir='ltr'>sauctorum</span> <span class='ocrx_word' id='word_1_90' title='bbox 1745 621 1831 656; x_wconf 87' lang='lat' dir='ltr'>Petri</span> <span class='ocrx_word' id='word_1_91' title='bbox 1861 627 1893 655; x_wconf 86' lang='lat' dir='ltr'>et</span> <span class='ocrx_word' id='word_1_92' title='bbox 1923 622 2014 656; x_wconf 89' lang='lat' dir='ltr'>Pauli</span> 
     </span>
    </p>
   </div>
   <div class='ocr_carea' id='block_1_8' title="bbox 72 682 2012 730">
    <p class='ocr_par' dir='ltr' id='par_1_8' title="bbox 72 682 2012 730">
     <span class='ocr_line' id='line_1_13' title="bbox 72 682 2012 730; baseline -0.001 -12"><span class='ocrx_word' id='word_1_93' title='bbox 72 696 96 712; x_wconf 45' lang='lat'>2-</span> <span class='ocrx_word' id='word_1_94' title='bbox 147 684 387 730; x_wconf 67' lang='lat' dir='ltr'>apostolorum,</span> <span class='ocrx_word' id='word_1_95' title='bbox 431 686 462 717; x_wconf 92' lang='lat' dir='ltr'>in</span> <span class='ocrx_word' id='word_1_96' title='bbox 492 694 631 728; x_wconf 85' lang='lat' dir='ltr'>quorum</span> <span class='ocrx_word' id='word_1_97' title='bbox 665 684 772 717; x_wconf 87' lang='lat' dir='ltr'>medio</span> <span class='ocrx_word' id='word_1_98' title='bbox 803 689 872 718; x_wconf 90' lang='lat' dir='ltr'>erat</span> <span class='ocrx_word' id='word_1_99' title='bbox 903 696 999 718; x_wconf 73' lang='lat' dir='ltr'>crux.</span> <span class='ocrx_word' id='word_1_100' title='bbox 1044 688 1073 717; x_wconf 89' lang='lat' dir='ltr'>et</span> <span class='ocrx_word' id='word_1_101' title='bbox 1105 695 1203 729; x_wconf 86' lang='lat' dir='ltr'>supra</span> <span class='ocrx_word' id='word_1_102' title='bbox 1235 684 1351 717; x_wconf 73' lang='lat' dir='ltr'>eaden]</span> <span class='ocrx_word' id='word_1_103' title='bbox 1384 686 1491 729; x_wconf 82' lang='lat' dir='ltr'>capita</span> <span class='ocrx_word' id='word_1_104' title='bbox 1523 687 1618 716; x_wconf 87' lang='lat' dir='ltr'>erant</span> <span class='ocrx_word' id='word_1_105' title='bbox 1647 687 1678 716; x_wconf 84' lang='lat' dir='ltr'>et</span> <span class='ocrx_word' id='word_1_106' title='bbox 1708 687 1782 716; x_wconf 90' lang='lat' dir='ltr'>sunt</span> <span class='ocrx_word' id='word_1_107' title='bbox 1813 682 1875 716; x_wconf 85' lang='lat' dir='ltr'>hec</span> <span class='ocrx_word' id='word_1_108' title='bbox 1903 683 2012 716; x_wconf 86' lang='lat' dir='ltr'>littere</span> 
     </span>
    </p>
   </div>
   <div class='ocr_carea' id='block_1_9' title="bbox 136 743 2016 2675">
    <p class='ocr_par' dir='ltr' id='par_1_9' title="bbox 136 743 2016 2675">
     <span class='ocr_line' id='line_1_14' title="bbox 147 743 2016 791; baseline -0.001 -13"><span class='ocrx_word' id='word_1_109' title='bbox 147 745 306 791; x_wconf 80' lang='lat' dir='ltr'>capitales</span> <span class='ocrx_word' id='word_1_110' title='bbox 334 755 360 778; x_wconf 91' lang='lat' dir='ltr'>s.</span> <span class='ocrx_word' id='word_1_111' title='bbox 391 744 447 778; x_wconf 91' lang='lat' dir='ltr'>Pa.</span> <span class='ocrx_word' id='word_1_112' title='bbox 479 756 504 778; x_wconf 89' lang='lat' dir='ltr'>s.</span> <span class='ocrx_word' id='word_1_113' title='bbox 536 744 592 778; x_wconf 91' lang='lat' dir='ltr'>Pe.</span> <span class='ocrx_word' id='word_1_114' title='bbox 623 749 652 778; x_wconf 83' lang='lat' dir='ltr'>et</span> <span class='ocrx_word' id='word_1_115' title='bbox 685 748 808 778; x_wconf 82' lang='lat' dir='ltr'>circum</span> <span class='ocrx_word' id='word_1_116' title='bbox 839 745 924 778; x_wconf 84' lang='lat' dir='ltr'>dieta</span> <span class='ocrx_word' id='word_1_117' title='bbox 955 748 1062 791; x_wconf 82' lang='lat' dir='ltr'>capita</span> <span class='ocrx_word' id='word_1_118' title='bbox 1092 756 1130 778; x_wconf 83' lang='lat' dir='ltr'>ac</span> <span class='ocrx_word' id='word_1_119' title='bbox 1162 747 1191 778; x_wconf 93' lang='lat' dir='ltr'>iu</span> <span class='ocrx_word' id='word_1_120' title='bbox 1222 748 1359 778; x_wconf 81' lang='lat' dir='ltr'>circuitu</span> <span class='ocrx_word' id='word_1_121' title='bbox 1391 744 1538 778; x_wconf 87' lang='lat' dir='ltr'>eiusdem</span> <span class='ocrx_word' id='word_1_122' title='bbox 1569 743 1656 777; x_wconf 81' lang='lat' dir='ltr'>bullo</span> <span class='ocrx_word' id='word_1_123' title='bbox 1686 749 1776 777; x_wconf 88' lang='lat' dir='ltr'>certa</span> <span class='ocrx_word' id='word_1_124' title='bbox 1807 748 1941 789; x_wconf 73' lang='lat' dir='ltr'>puncta,</span> <span class='ocrx_word' id='word_1_125' title='bbox 1983 748 2016 777; x_wconf 87' lang='lat' dir='ltr'>et</span> 
     </span>
     <span class='ocr_line' id='line_1_15' title="bbox 146 804 2014 852; baseline -0.002 -11"><span class='ocrx_word' id='word_1_126' title='bbox 146 817 164 840; x_wconf 83' lang='lat' dir='ltr'>a</span> <span class='ocrx_word' id='word_1_127' title='bbox 201 811 296 852; x_wconf 87' lang='lat' dir='ltr'>parte</span> <span class='ocrx_word' id='word_1_128' title='bbox 331 805 478 840; x_wconf 88' lang='lat' dir='ltr'>secunda</span> <span class='ocrx_word' id='word_1_129' title='bbox 516 805 665 839; x_wconf 87' lang='lat' dir='ltr'>eiusdem</span> <span class='ocrx_word' id='word_1_130' title='bbox 706 805 792 839; x_wconf 89' lang='lat' dir='ltr'>hulle</span> <span class='ocrx_word' id='word_1_131' title='bbox 831 806 981 839; x_wconf 83' lang='lat' dir='ltr'>similiter</span> <span class='ocrx_word' id='word_1_132' title='bbox 1018 806 1126 839; x_wconf 81' lang='lat' dir='ltr'>littere</span> <span class='ocrx_word' id='word_1_133' title='bbox 1163 805 1323 851; x_wconf 87' lang='lat' dir='ltr'>capitales</span> <span class='ocrx_word' id='word_1_134' title='bbox 1362 805 1424 838; x_wconf 87' lang='lat' dir='ltr'>bec</span> <span class='ocrx_word' id='word_1_135' title='bbox 1458 809 1550 838; x_wconf 87' lang='lat' dir='ltr'>erant</span> <span class='ocrx_word' id='word_1_136' title='bbox 1583 809 1612 837; x_wconf 85' lang='lat' dir='ltr'>et</span> <span class='ocrx_word' id='word_1_137' title='bbox 1644 809 1738 838; x_wconf 89' lang='lat' dir='ltr'>sunt:</span> <span class='ocrx_word' id='word_1_138' title='bbox 1799 804 2014 849; x_wconf 80' lang='lat' dir='ltr'>„Bonifacius</span> 
     </span>
     <span class='ocr_line' id='line_1_16' title="bbox 146 865 2015 912; baseline -0.002 -12"><span class='ocrx_word' id='word_1_139' title='bbox 146 877 231 912; x_wconf 87' lang='lat' dir='ltr'>papa</span> <span class='ocrx_word' id='word_1_140' title='bbox 268 866 388 900; x_wconf 82' lang='lat' dir='ltr'>VIIII“</span> <span class='ocrx_word' id='word_1_141' title='bbox 429 871 459 900; x_wconf 90' lang='lat' dir='ltr'>et</span> <span class='ocrx_word' id='word_1_142' title='bbox 500 869 530 900; x_wconf 93' lang='lat' dir='ltr'>iu</span> <span class='ocrx_word' id='word_1_143' title='bbox 569 869 707 900; x_wconf 85' lang='lat' dir='ltr'>circuitu</span> <span class='ocrx_word' id='word_1_144' title='bbox 747 867 906 900; x_wconf 88' lang='lat' dir='ltr'>dictarum</span> <span class='ocrx_word' id='word_1_145' title='bbox 945 867 1129 900; x_wconf 81' lang='lat' dir='ltr'>litterarum</span> <span class='ocrx_word' id='word_1_146' title='bbox 1159 866 1311 900; x_wconf 91' lang='lat' dir='ltr'>similiter</span> <span class='ocrx_word' id='word_1_147' title='bbox 1340 870 1430 899; x_wconf 88' lang='lat' dir='ltr'>certa</span> <span class='ocrx_word' id='word_1_148' title='bbox 1462 870 1572 911; x_wconf 88' lang='lat' dir='ltr'>punta.</span> <span class='ocrx_word' id='word_1_149' title='bbox 1618 876 1710 899; x_wconf 85' lang='lat' dir='ltr'>inore</span> <span class='ocrx_word' id='word_1_150' title='bbox 1742 865 1893 899; x_wconf 81' lang='lat' dir='ltr'>Romane</span> <span class='ocrx_word' id='word_1_151' title='bbox 1923 868 2015 898; x_wconf 82' lang='lat' dir='ltr'>curie</span> 
     </span>
     <span class='ocr_line' id='line_1_17' title="bbox 146 925 2013 971; baseline -0.001 -11"><span class='ocrx_word' id='word_1_152' title='bbox 146 926 301 970; x_wconf 63' lang='lat' dir='ltr'>bullatas,</span> <span class='ocrx_word' id='word_1_153' title='bbox 339 938 440 961; x_wconf 89' lang='lat' dir='ltr'>sanas</span> <span class='ocrx_word' id='word_1_154' title='bbox 469 931 501 960; x_wconf 90' lang='lat' dir='ltr'>et</span> <span class='ocrx_word' id='word_1_155' title='bbox 530 930 692 971; x_wconf 63' lang='lat' dir='ltr'>integras,</span> <span class='ocrx_word' id='word_1_156' title='bbox 723 938 787 960; x_wconf 88' lang='lat' dir='ltr'>non</span> <span class='ocrx_word' id='word_1_157' title='bbox 818 931 968 961; x_wconf 65' lang='lat' dir='ltr'>viciatas.</span> <span class='ocrx_word' id='word_1_158' title='bbox 1000 938 1064 960; x_wconf 85' lang='lat' dir='ltr'>non</span> <span class='ocrx_word' id='word_1_159' title='bbox 1095 927 1309 963; x_wconf 71' lang='lat' dir='ltr'>cancellatas.</span> <span class='ocrx_word' id='word_1_160' title='bbox 1338 937 1403 960; x_wconf 88' lang='lat' dir='ltr'>non</span> <span class='ocrx_word' id='word_1_161' title='bbox 1433 925 1583 960; x_wconf 86' lang='lat' dir='ltr'>abolitas.</span> <span class='ocrx_word' id='word_1_162' title='bbox 1615 936 1680 959; x_wconf 84' lang='lat' dir='ltr'>non</span> <span class='ocrx_word' id='word_1_163' title='bbox 1710 925 1859 959; x_wconf 79' lang='lat' dir='ltr'>abrasas.</span> <span class='ocrx_word' id='word_1_164' title='bbox 1890 936 1953 959; x_wconf 89' lang='lat' dir='ltr'>nec</span> <span class='ocrx_word' id='word_1_165' title='bbox 1982 927 2013 958; x_wconf 88' lang='lat' dir='ltr'>in</span> 
     </span>
     <span class='ocr_line' id='line_1_18' title="bbox 146 985 2013 1033; baseline -0.001 -11"><span class='ocrx_word' id='word_1_166' title='bbox 146 988 254 1033; x_wconf 87' lang='lat' dir='ltr'>aliqua</span> <span class='ocrx_word' id='word_1_167' title='bbox 291 990 437 1033; x_wconf 90' lang='lat' dir='ltr'>ipsarum</span> <span class='ocrx_word' id='word_1_168' title='bbox 476 992 569 1033; x_wconf 84' lang='lat' dir='ltr'>parte</span> <span class='ocrx_word' id='word_1_169' title='bbox 608 992 793 1033; x_wconf 77' lang='lat' dir='ltr'>suspectas.</span> <span class='ocrx_word' id='word_1_170' title='bbox 837 989 895 1021; x_wconf 89' lang='lat' dir='ltr'>sed</span> <span class='ocrx_word' id='word_1_171' title='bbox 933 990 1021 1021; x_wconf 90' lang='lat' dir='ltr'>omni</span> <span class='ocrx_word' id='word_1_172' title='bbox 1063 998 1201 1033; x_wconf 84' lang='lat' dir='ltr'>prorsus.</span> <span class='ocrx_word' id='word_1_173' title='bbox 1239 990 1326 1020; x_wconf 84' lang='lat' dir='ltr'>vicio</span> <span class='ocrx_word' id='word_1_174' title='bbox 1366 991 1398 1020; x_wconf 88' lang='lat' dir='ltr'>et</span> <span class='ocrx_word' id='word_1_175' title='bbox 1435 989 1626 1032; x_wconf 76' lang='lat' dir='ltr'>suspicione</span> <span class='ocrx_word' id='word_1_176' title='bbox 1666 991 1820 1019; x_wconf 87' lang='lat' dir='ltr'>carentes</span> <span class='ocrx_word' id='word_1_177' title='bbox 1851 985 2013 1020; x_wconf 80' lang='lat' dir='ltr'>exhibuit.</span> 
     </span>
     <span class='ocr_line' id='line_1_19' title="bbox 145 1046 2014 1094; baseline -0.002 -12"><span class='ocrx_word' id='word_1_178' title='bbox 145 1049 291 1083; x_wconf 81' lang='lat' dir='ltr'><strong>ostendit</strong></span> <span class='ocrx_word' id='word_1_179' title='bbox 327 1053 359 1082; x_wconf 88' lang='lat' dir='ltr'>et</span> <span class='ocrx_word' id='word_1_180' title='bbox 396 1049 567 1094; x_wconf 79' lang='lat' dir='ltr'>produxit.</span> <span class='ocrx_word' id='word_1_181' title='bbox 611 1059 650 1082; x_wconf 90' lang='lat' dir='ltr'>ac</span> <span class='ocrx_word' id='word_1_182' title='bbox 685 1051 715 1082; x_wconf 92' lang='lat' dir='ltr'>in</span> <span class='ocrx_word' id='word_1_183' title='bbox 756 1060 870 1082; x_wconf 82' lang='lat' dir='ltr'>manus</span> <span class='ocrx_word' id='word_1_184' title='bbox 911 1053 1041 1083; x_wconf 86' lang='lat' dir='ltr'>nostras</span> <span class='ocrx_word' id='word_1_185' title='bbox 1081 1051 1298 1094; x_wconf 49' lang='lat' dir='ltr'>presentavih</span> <span class='ocrx_word' id='word_1_186' title='bbox 1343 1058 1480 1092; x_wconf 82' lang='lat' dir='ltr'>quarum</span> <span class='ocrx_word' id='word_1_187' title='bbox 1521 1050 1617 1080; x_wconf 87' lang='lat' dir='ltr'>tenor</span> <span class='ocrx_word' id='word_1_188' title='bbox 1655 1046 1793 1080; x_wconf 86' lang='lat' dir='ltr'>inferius</span> <span class='ocrx_word' id='word_1_189' title='bbox 1831 1046 1930 1092; x_wconf 82' lang='lat' dir='ltr'>plene</span> <span class='ocrx_word' id='word_1_190' title='bbox 1964 1050 2014 1079; x_wconf 86' lang='lat' dir='ltr'>cst</span> 
     </span>
     <span class='ocr_line' id='line_1_20' title="bbox 145 1107 2014 1156; baseline -0.002 -13"><span class='ocrx_word' id='word_1_191' title='bbox 145 1109 344 1156; x_wconf 75' lang='lat' dir='ltr'>descriptus,</span> <span class='ocrx_word' id='word_1_192' title='bbox 381 1114 501 1155; x_wconf 88' lang='lat' dir='ltr'>petens</span> <span class='ocrx_word' id='word_1_193' title='bbox 531 1120 605 1143; x_wconf 87' lang='lat' dir='ltr'>cum</span> <span class='ocrx_word' id='word_1_194' title='bbox 635 1112 809 1151; x_wconf 74' lang='lat' dir='ltr'>instancia.</span> <span class='ocrx_word' id='word_1_195' title='bbox 851 1122 912 1155; x_wconf 84' lang='lat' dir='ltr'>qua</span> <span class='ocrx_word' id='word_1_196' title='bbox 943 1110 1043 1143; x_wconf 80' lang='lat' dir='ltr'>valuit</span> <span class='ocrx_word' id='word_1_197' title='bbox 1075 1110 1228 1155; x_wconf 86' lang='lat' dir='ltr'>ampliori</span> <span class='ocrx_word' id='word_1_198' title='bbox 1259 1107 1447 1141; x_wconf 85' lang='lat' dir='ltr'>huiusmodi</span> <span class='ocrx_word' id='word_1_199' title='bbox 1477 1107 1604 1141; x_wconf 78' lang='lat' dir='ltr'>litteras</span> <span class='ocrx_word' id='word_1_200' title='bbox 1632 1107 1835 1152; x_wconf 88' lang='lat' dir='ltr'>apostolicas</span> <span class='ocrx_word' id='word_1_201' title='bbox 1865 1118 1925 1152; x_wconf 89' lang='lat' dir='ltr'>per</span> <span class='ocrx_word' id='word_1_202' title='bbox 1953 1118 2014 1140; x_wconf 92' lang='lat' dir='ltr'>nos</span> 
     </span>
     <span class='ocr_line' id='line_1_21' title="bbox 144 1167 2013 1216; baseline -0.002 -12"><span class='ocrx_word' id='word_1_203' title='bbox 144 1171 306 1205; x_wconf 87' lang='lat' dir='ltr'>mandare</span> <span class='ocrx_word' id='word_1_204' title='bbox 335 1173 527 1213; x_wconf 68' lang='lat' dir='ltr'>transsumi,</span> <span class='ocrx_word' id='word_1_205' title='bbox 559 1170 748 1205; x_wconf 81' lang='lat' dir='ltr'>transcribi.</span> <span class='ocrx_word' id='word_1_206' title='bbox 780 1174 915 1216; x_wconf 72' lang='lat' dir='ltr'>copiari.</span> <span class='ocrx_word' id='word_1_207' title='bbox 947 1174 1145 1205; x_wconf 87' lang='lat' dir='ltr'>autenticari</span> <span class='ocrx_word' id='word_1_208' title='bbox 1175 1181 1213 1203; x_wconf 84' lang='lat' dir='ltr'>ac</span> <span class='ocrx_word' id='word_1_209' title='bbox 1242 1171 1275 1202; x_wconf 90' lang='lat' dir='ltr'>in</span> <span class='ocrx_word' id='word_1_210' title='bbox 1305 1168 1445 1201; x_wconf 87' lang='lat' dir='ltr'>formam</span> <span class='ocrx_word' id='word_1_211' title='bbox 1477 1167 1639 1213; x_wconf 78' lang='lat' dir='ltr'>publicam</span> <span class='ocrx_word' id='word_1_212' title='bbox 1663 1167 1769 1212; x_wconf 80' lang='lat' dir='ltr'>redigi</span> <span class='ocrx_word' id='word_1_213' title='bbox 1791 1170 2013 1201; x_wconf 70' lang='lat' dir='ltr'>instrumenti.</span> 
     </span>
     <span class='ocr_line' id='line_1_22' title="bbox 145 1228 2014 1276; baseline -0.002 -12"><span class='ocrx_word' id='word_1_214' title='bbox 145 1241 219 1264; x_wconf 93' lang='lat' dir='ltr'>cum</span> <span class='ocrx_word' id='word_1_215' title='bbox 245 1232 323 1276; x_wconf 88' lang='lat' dir='ltr'>jure</span> <span class='ocrx_word' id='word_1_216' title='bbox 352 1234 559 1266; x_wconf 77' lang='lat' dir='ltr'>auctoritatis</span> <span class='ocrx_word' id='word_1_217' title='bbox 589 1237 704 1266; x_wconf 85' lang='lat' dir='ltr'>nostre</span> <span class='ocrx_word' id='word_1_218' title='bbox 733 1231 902 1265; x_wconf 87' lang='lat' dir='ltr'>ordinarie</span> <span class='ocrx_word' id='word_1_219' title='bbox 933 1236 964 1265; x_wconf 88' lang='lat' dir='ltr'>et</span> <span class='ocrx_word' id='word_1_220' title='bbox 994 1232 1120 1266; x_wconf 85' lang='lat' dir='ltr'>decreti</span> <span class='ocrx_word' id='word_1_221' title='bbox 1150 1231 1423 1275; x_wconf 66' lang='lat' dir='ltr'>interposicione‚</span> <span class='ocrx_word' id='word_1_222' title='bbox 1458 1240 1499 1262; x_wconf 86' lang='lat' dir='ltr'>ne</span> <span class='ocrx_word' id='word_1_223' title='bbox 1528 1230 1672 1273; x_wconf 87' lang='lat' dir='ltr'>ipsarum</span> <span class='ocrx_word' id='word_1_224' title='bbox 1704 1231 1798 1273; x_wconf 89' lang='lat' dir='ltr'>copia</span> <span class='ocrx_word' id='word_1_225' title='bbox 1830 1239 1908 1261; x_wconf 85' lang='lat' dir='ltr'>casu</span> <span class='ocrx_word' id='word_1_226' title='bbox 1939 1228 2014 1261; x_wconf 88' lang='lat' dir='ltr'>l&#39;or-</span> 
     </span>
     <span class='ocr_line' id='line_1_23' title="bbox 142 1288 2013 1334; baseline -0.002 -9"><span class='ocrx_word' id='word_1_227' title='bbox 142 1294 225 1326; x_wconf 88' lang='lat' dir='ltr'>tuito</span> <span class='ocrx_word' id='word_1_228' title='bbox 255 1295 434 1326; x_wconf 85' lang='lat' dir='ltr'>amittatur.</span> <span class='ocrx_word' id='word_1_229' title='bbox 465 1291 535 1327; x_wconf 87' lang='lat' dir='ltr'>Nos</span> <span class='ocrx_word' id='word_1_230' title='bbox 564 1296 646 1327; x_wconf 79' lang='lat' dir='ltr'>visis</span> <span class='ocrx_word' id='word_1_231' title='bbox 676 1292 862 1326; x_wconf 85' lang='lat' dir='ltr'>huiusmodi</span> <span class='ocrx_word' id='word_1_232' title='bbox 894 1293 1010 1326; x_wconf 83' lang='lat' dir='ltr'>litteris</span> <span class='ocrx_word' id='word_1_233' title='bbox 1041 1297 1071 1326; x_wconf 89' lang='lat' dir='ltr'>et</span> <span class='ocrx_word' id='word_1_234' title='bbox 1093 1303 1174 1325; x_wconf 83' lang='lat' dir='ltr'>sane</span> <span class='ocrx_word' id='word_1_235' title='bbox 1197 1290 1372 1324; x_wconf 69' lang='lat' dir='ltr'>intellectis</span> <span class='ocrx_word' id='word_1_236' title='bbox 1393 1294 1424 1322; x_wconf 82' lang='lat' dir='ltr'>et</span> <span class='ocrx_word' id='word_1_237' title='bbox 1446 1291 1525 1334; x_wconf 90' lang='lat' dir='ltr'>ipsis</span> <span class='ocrx_word' id='word_1_238' title='bbox 1546 1288 1672 1333; x_wconf 88' lang='lat' dir='ltr'>absque</span> <span class='ocrx_word' id='word_1_239' title='bbox 1693 1288 1800 1333; x_wconf 88' lang='lat' dir='ltr'>aliqua</span> <span class='ocrx_word' id='word_1_240' title='bbox 1822 1291 2013 1334; x_wconf 85' lang='lat' dir='ltr'>suspicione</span> 
     </span>
     <span class='ocr_line' id='line_1_24' title="bbox 143 1348 2011 1399; baseline -0.003 -13"><span class='ocrx_word' id='word_1_241' title='bbox 143 1355 317 1398; x_wconf 68' lang='lat' dir='ltr'>reputatis,</span> <span class='ocrx_word' id='word_1_242' title='bbox 361 1364 400 1386; x_wconf 86' lang='lat' dir='ltr'>ac</span> <span class='ocrx_word' id='word_1_243' title='bbox 442 1353 582 1399; x_wconf 85' lang='lat' dir='ltr'>predicti</span> <span class='ocrx_word' id='word_1_244' title='bbox 628 1353 823 1387; x_wconf 55' lang='lat' dir='ltr'>XYenceslai</span> <span class='ocrx_word' id='word_1_245' title='bbox 869 1353 994 1387; x_wconf 70' lang='lat' dir='ltr'>Miscze</span> <span class='ocrx_word' id='word_1_246' title='bbox 1032 1353 1261 1399; x_wconf 74' lang='lat' dir='ltr'>procuratoris</span> <span class='ocrx_word' id='word_1_247' title='bbox 1298 1355 1328 1383; x_wconf 91' lang='lat' dir='ltr'>et</span> <span class='ocrx_word' id='word_1_248' title='bbox 1367 1350 1483 1383; x_wconf 83' lang='lat' dir='ltr'>sindiei</span> <span class='ocrx_word' id='word_1_249' title='bbox 1523 1349 1730 1383; x_wconf 87' lang='lat' dir='ltr'>dominorum</span> <span class='ocrx_word' id='word_1_250' title='bbox 1769 1348 2011 1382; x_wconf 89' lang='lat' dir='ltr'>antedictorum</span> 
     </span>
     <span class='ocr_line' id='line_1_25' title="bbox 141 1409 2011 1460; baseline -0.003 -13"><span class='ocrx_word' id='word_1_251' title='bbox 141 1412 363 1459; x_wconf 85' lang='lat' dir='ltr'>peticionibus</span> <span class='ocrx_word' id='word_1_252' title='bbox 393 1418 506 1460; x_wconf 88' lang='lat' dir='ltr'>utpote</span> <span class='ocrx_word' id='word_1_253' title='bbox 536 1413 771 1457; x_wconf 70' lang='lat' dir='ltr'>racioualibus‚</span> <span class='ocrx_word' id='word_1_254' title='bbox 798 1415 896 1457; x_wconf 75' lang='lat' dir='ltr'>justis</span> <span class='ocrx_word' id='word_1_255' title='bbox 927 1418 956 1447; x_wconf 84' lang='lat' dir='ltr'>et</span> <span class='ocrx_word' id='word_1_256' title='bbox 987 1416 1146 1458; x_wconf 77' lang='lat' dir='ltr'>congruis</span> <span class='ocrx_word' id='word_1_257' title='bbox 1176 1415 1373 1453; x_wconf 52' lang='lat' dir='ltr'>annuentes3</span> <span class='ocrx_word' id='word_1_258' title='bbox 1404 1410 1538 1444; x_wconf 89' lang='lat' dir='ltr'>easdem</span> <span class='ocrx_word' id='word_1_259' title='bbox 1571 1410 1698 1445; x_wconf 86' lang='lat' dir='ltr'>litteras</span> <span class='ocrx_word' id='word_1_260' title='bbox 1729 1409 1930 1455; x_wconf 86' lang='lat' dir='ltr'>apostolicas</span> <span class='ocrx_word' id='word_1_261' title='bbox 1952 1420 2011 1454; x_wconf 89' lang='lat' dir='ltr'>per</span> 
     </span>
     <span class='ocr_line' id='line_1_26' title="bbox 143 1470 2010 1520; baseline -0.003 -12"><span class='ocrx_word' id='word_1_262' title='bbox 143 1477 307 1508; x_wconf 85' lang='lat' dir='ltr'>notarium</span> <span class='ocrx_word' id='word_1_263' title='bbox 347 1473 514 1520; x_wconf 89' lang='lat' dir='ltr'>publicum</span> <span class='ocrx_word' id='word_1_264' title='bbox 545 1473 766 1520; x_wconf 84' lang='lat' dir='ltr'>subscriptum</span> <span class='ocrx_word' id='word_1_265' title='bbox 798 1474 938 1508; x_wconf 81' lang='lat' dir='ltr'>fideliter</span> <span class='ocrx_word' id='word_1_266' title='bbox 969 1475 1010 1508; x_wconf 85' lang='lat' dir='ltr'>nil</span> <span class='ocrx_word' id='word_1_267' title='bbox 1041 1473 1193 1507; x_wconf 78' lang='lat' dir='ltr'>addendo</span> <span class='ocrx_word' id='word_1_268' title='bbox 1225 1473 1278 1506; x_wconf 77' lang='lat' dir='ltr'>vel</span> <span class='ocrx_word' id='word_1_269' title='bbox 1308 1471 1498 1514; x_wconf 71' lang='lat' dir='ltr'>minuendo,</span> <span class='ocrx_word' id='word_1_270' title='bbox 1543 1470 1628 1516; x_wconf 90' lang='lat' dir='ltr'>quod</span> <span class='ocrx_word' id='word_1_271' title='bbox 1660 1482 1793 1504; x_wconf 87' lang='lat' dir='ltr'>sensum</span> <span class='ocrx_word' id='word_1_272' title='bbox 1825 1475 1927 1504; x_wconf 90' lang='lat' dir='ltr'>mutet</span> <span class='ocrx_word' id='word_1_273' title='bbox 1956 1475 2010 1503; x_wconf 88' lang='lat' dir='ltr'>aut</span> 
     </span>
     <span class='ocr_line' id='line_1_27' title="bbox 142 1531 2011 1581; baseline -0.002 -13"><span class='ocrx_word' id='word_1_274' title='bbox 142 1534 366 1581; x_wconf 86' lang='lat' dir='ltr'>quovismodo</span> <span class='ocrx_word' id='word_1_275' title='bbox 396 1539 503 1569; x_wconf 86' lang='lat' dir='ltr'>variet</span> <span class='ocrx_word' id='word_1_276' title='bbox 533 1535 750 1580; x_wconf 63' lang='lat' dir='ltr'>intellectum,</span> <span class='ocrx_word' id='word_1_277' title='bbox 782 1539 972 1569; x_wconf 81' lang='lat' dir='ltr'>transsumi.</span> <span class='ocrx_word' id='word_1_278' title='bbox 1004 1534 1191 1577; x_wconf 47' lang='lat' dir='ltr'>transm-ibn</span> <span class='ocrx_word' id='word_1_279' title='bbox 1222 1535 1360 1579; x_wconf 54' lang='lat' dir='ltr'>copiam</span> <span class='ocrx_word' id='word_1_280' title='bbox 1391 1534 1586 1565; x_wconf 88' lang='lat' dir='ltr'>autenticari</span> <span class='ocrx_word' id='word_1_281' title='bbox 1618 1536 1649 1565; x_wconf 86' lang='lat' dir='ltr'>et</span> <span class='ocrx_word' id='word_1_282' title='bbox 1680 1534 1709 1564; x_wconf 89' lang='lat' dir='ltr'>in</span> <span class='ocrx_word' id='word_1_283' title='bbox 1741 1531 1883 1565; x_wconf 81' lang='lat' dir='ltr'>sormam</span> <span class='ocrx_word' id='word_1_284' title='bbox 1905 1531 2011 1575; x_wconf 77' lang='lat' dir='ltr'>redigi</span> 
     </span>
     <span class='ocr_line' id='line_1_28' title="bbox 142 1592 2011 1642; baseline -0.003 -12"><span class='ocrx_word' id='word_1_285' title='bbox 142 1595 266 1642; x_wconf 86' lang='lat' dir='ltr'>publici</span> <span class='ocrx_word' id='word_1_286' title='bbox 294 1599 504 1631; x_wconf 85' lang='lat' dir='ltr'>instrumenti</span> <span class='ocrx_word' id='word_1_287' title='bbox 534 1596 778 1639; x_wconf 51' lang='lat' dir='ltr'>mandavimus</span> <span class='ocrx_word' id='word_1_288' title='bbox 798 1596 950 1630; x_wconf 74' lang='lat' dir='ltr'>volentes</span> <span class='ocrx_word' id='word_1_289' title='bbox 981 1601 1009 1629; x_wconf 87' lang='lat' dir='ltr'>et</span> <span class='ocrx_word' id='word_1_290' title='bbox 1043 1600 1159 1628; x_wconf 88' lang='lat' dir='ltr'>tenore</span> <span class='ocrx_word' id='word_1_291' title='bbox 1190 1596 1399 1640; x_wconf 87' lang='lat' dir='ltr'>presencium</span> <span class='ocrx_word' id='word_1_292' title='bbox 1422 1593 1655 1630; x_wconf 62' lang='lat' dir='ltr'>decernentes„</span> <span class='ocrx_word' id='word_1_293' title='bbox 1679 1592 1764 1637; x_wconf 86' lang='lat' dir='ltr'>quod</span> <span class='ocrx_word' id='word_1_294' title='bbox 1787 1596 2011 1637; x_wconf 81' lang='lat' dir='ltr'>transsumpto</span> 
     </span>
     <span class='ocr_line' id='line_1_29' title="bbox 142 1652 2009 1703; baseline -0.003 -12"><span class='ocrx_word' id='word_1_295' title='bbox 142 1656 332 1692; x_wconf 86' lang='lat' dir='ltr'>huiusmodi</span> <span class='ocrx_word' id='word_1_296' title='bbox 371 1658 530 1703; x_wconf 84' lang='lat' dir='ltr'>deinceps</span> <span class='ocrx_word' id='word_1_297' title='bbox 568 1660 600 1691; x_wconf 88' lang='lat' dir='ltr'>iu</span> <span class='ocrx_word' id='word_1_298' title='bbox 638 1657 790 1692; x_wconf 84' lang='lat' dir='ltr'>omnibus</span> <span class='ocrx_word' id='word_1_299' title='bbox 826 1662 853 1690; x_wconf 84' lang='lat' dir='ltr'>et</span> <span class='ocrx_word' id='word_1_300' title='bbox 887 1668 945 1702; x_wconf 87' lang='lat' dir='ltr'>per</span> <span class='ocrx_word' id='word_1_301' title='bbox 975 1659 1082 1690; x_wconf 86' lang='lat' dir='ltr'>onmia</span> <span class='ocrx_word' id='word_1_302' title='bbox 1113 1656 1208 1701; x_wconf 85' lang='lat' dir='ltr'>plena</span> <span class='ocrx_word' id='word_1_303' title='bbox 1241 1654 1321 1688; x_wconf 81' lang='lat' dir='ltr'>tides</span> <span class='ocrx_word' id='word_1_304' title='bbox 1350 1653 1547 1687; x_wconf 85' lang='lat' dir='ltr'>adhibeatur</span> <span class='ocrx_word' id='word_1_305' title='bbox 1578 1657 1641 1686; x_wconf 88' lang='lat' dir='ltr'>tam</span> <span class='ocrx_word' id='word_1_306' title='bbox 1673 1652 1868 1696; x_wconf 87' lang='lat' dir='ltr'>injudicio.</span> <span class='ocrx_word' id='word_1_307' title='bbox 1912 1663 2009 1697; x_wconf 89' lang='lat' dir='ltr'>quam</span> 
     </span>
     <span class='ocr_line' id='line_1_30' title="bbox 142 1713 2004 1764; baseline -0.004 -12"><span class='ocrx_word' id='word_1_308' title='bbox 142 1722 239 1752; x_wconf 85' lang='lat' dir='ltr'>extra</span> <span class='ocrx_word' id='word_1_309' title='bbox 268 1721 353 1752; x_wconf 88' lang='lat' dir='ltr'>sicut</span> <span class='ocrx_word' id='word_1_310' title='bbox 382 1718 502 1752; x_wconf 87' lang='lat' dir='ltr'>litteris</span> <span class='ocrx_word' id='word_1_311' title='bbox 530 1718 750 1764; x_wconf 81' lang='lat' dir='ltr'>originalibus</span> <span class='ocrx_word' id='word_1_312' title='bbox 779 1718 1011 1763; x_wconf 46' lang='lat' dir='ltr'>infrascriptis„</span> <span class='ocrx_word' id='word_1_313' title='bbox 1043 1720 1215 1762; x_wconf 78' lang='lat' dir='ltr'>ipsumque</span> <span class='ocrx_word' id='word_1_314' title='bbox 1245 1718 1500 1760; x_wconf 88' lang='lat' dir='ltr'>transsumptum</span> <span class='ocrx_word' id='word_1_315' title='bbox 1533 1713 1628 1747; x_wconf 77' lang='lat' dir='ltr'>tidem</span> <span class='ocrx_word' id='word_1_316' title='bbox 1661 1713 1757 1747; x_wconf 84' lang='lat' dir='ltr'>l&#39;aciat</span> <span class='ocrx_word' id='word_1_317' title='bbox 1788 1716 1819 1746; x_wconf 89' lang='lat' dir='ltr'>in</span> <span class='ocrx_word' id='word_1_318' title='bbox 1852 1713 2004 1757; x_wconf 69' lang='lat' dir='ltr'>agendis,</span> 
     </span>
     <span class='ocr_line' id='line_1_31' title="bbox 141 1773 2006 1825; baseline -0.004 -12"><span class='ocrx_word' id='word_1_319' title='bbox 141 1779 261 1825; x_wconf 88' lang='lat' dir='ltr'>quibus</span> <span class='ocrx_word' id='word_1_320' title='bbox 295 1778 449 1814; x_wconf 90' lang='lat' dir='ltr'>omnibus</span> <span class='ocrx_word' id='word_1_321' title='bbox 487 1784 517 1813; x_wconf 89' lang='lat' dir='ltr'>et</span> <span class='ocrx_word' id='word_1_322' title='bbox 557 1779 700 1824; x_wconf 82' lang='lat' dir='ltr'>singulis</span> <span class='ocrx_word' id='word_1_323' title='bbox 737 1781 966 1813; x_wconf 82' lang='lat' dir='ltr'>auctoritatem</span> <span class='ocrx_word' id='word_1_324' title='bbox 1007 1782 1153 1811; x_wconf 83' lang='lat' dir='ltr'>nostram</span> <span class='ocrx_word' id='word_1_325' title='bbox 1193 1776 1392 1809; x_wconf 80' lang='lat' dir='ltr'>ordinariam</span> <span class='ocrx_word' id='word_1_326' title='bbox 1431 1777 1462 1808; x_wconf 93' lang='lat' dir='ltr'>in</span> <span class='ocrx_word' id='word_1_327' title='bbox 1502 1773 1654 1808; x_wconf 82' lang='lat' dir='ltr'>omnibus</span> <span class='ocrx_word' id='word_1_328' title='bbox 1685 1776 1786 1819; x_wconf 86' lang='lat' dir='ltr'>ipsius</span> <span class='ocrx_word' id='word_1_329' title='bbox 1816 1775 1946 1819; x_wconf 78' lang='lat' dir='ltr'>punctis</span> <span class='ocrx_word' id='word_1_330' title='bbox 1976 1777 2006 1805; x_wconf 89' lang='lat' dir='ltr'>et</span> 
     </span>
     <span class='ocr_line' id='line_1_32' title="bbox 141 1833 2011 1886; baseline -0.005 -12"><span class='ocrx_word' id='word_1_331' title='bbox 141 1840 300 1874; x_wconf 84' lang='lat' dir='ltr'>clausulis</span> <span class='ocrx_word' id='word_1_332' title='bbox 330 1843 588 1886; x_wconf 87' lang='lat' dir='ltr'>interposuimus</span> <span class='ocrx_word' id='word_1_333' title='bbox 617 1845 650 1873; x_wconf 88' lang='lat' dir='ltr'>et</span> <span class='ocrx_word' id='word_1_334' title='bbox 679 1843 844 1886; x_wconf 86' lang='lat' dir='ltr'>presentis</span> <span class='ocrx_word' id='word_1_335' title='bbox 874 1842 986 1885; x_wconf 70' lang='lat' dir='ltr'>scripti</span> <span class='ocrx_word' id='word_1_336' title='bbox 1017 1840 1200 1884; x_wconf 76' lang='lat' dir='ltr'>patrocinio</span> <span class='ocrx_word' id='word_1_337' title='bbox 1230 1838 1470 1881; x_wconf 79' lang='lat' dir='ltr'>interponimus</span> <span class='ocrx_word' id='word_1_338' title='bbox 1492 1837 1617 1880; x_wconf 84' lang='lat' dir='ltr'>pariter</span> <span class='ocrx_word' id='word_1_339' title='bbox 1637 1839 1669 1867; x_wconf 88' lang='lat' dir='ltr'>ct</span> <span class='ocrx_word' id='word_1_340' title='bbox 1690 1835 1873 1868; x_wconf 89' lang='lat' dir='ltr'>decretum.</span> <span class='ocrx_word' id='word_1_341' title='bbox 1897 1833 2011 1866; x_wconf 89' lang='lat' dir='ltr'>Tenor</span> 
     </span>
     <span class='ocr_line' id='line_1_33' title="bbox 142 1895 2006 1947; baseline -0.005 -12"><span class='ocrx_word' id='word_1_342' title='bbox 142 1911 226 1935; x_wconf 85' lang='lat' dir='ltr'>vero</span> <span class='ocrx_word' id='word_1_343' title='bbox 247 1901 409 1935; x_wconf 89' lang='lat' dir='ltr'>dictarum</span> <span class='ocrx_word' id='word_1_344' title='bbox 431 1901 613 1935; x_wconf 88' lang='lat' dir='ltr'>litterarum</span> <span class='ocrx_word' id='word_1_345' title='bbox 636 1902 894 1947; x_wconf 83' lang='lat' dir='ltr'>apostolicarmn</span> <span class='ocrx_word' id='word_1_346' title='bbox 913 1911 972 1945; x_wconf 85' lang='lat' dir='ltr'>per</span> <span class='ocrx_word' id='word_1_347' title='bbox 989 1902 1096 1932; x_wconf 82' lang='lat' dir='ltr'>onmia</span> <span class='ocrx_word' id='word_1_348' title='bbox 1115 1899 1297 1931; x_wconf 78' lang='lat' dir='ltr'>dinoscitur</span> <span class='ocrx_word' id='word_1_349' title='bbox 1313 1908 1388 1930; x_wconf 87' lang='lat' dir='ltr'>esse</span> <span class='ocrx_word' id='word_1_350' title='bbox 1407 1896 1496 1929; x_wconf 82' lang='lat' dir='ltr'>talis:</span> <span class='ocrx_word' id='word_1_351' title='bbox 1517 1895 1732 1940; x_wconf 77' lang='lat' dir='ltr'>„Bonisacius</span> <span class='ocrx_word' id='word_1_352' title='bbox 1750 1897 1926 1940; x_wconf 86' lang='lat' dir='ltr'>episcopus</span> <span class='ocrx_word' id='word_1_353' title='bbox 1943 1898 2006 1927; x_wconf 88' lang='lat' dir='ltr'>etc.</span> 
     </span>
     <span class='ocr_line' id='line_1_34' title="bbox 140 1954 2011 2008; baseline -0.004 -13"><span class='ocrx_word' id='word_1_354' title='bbox 140 1961 261 1996; x_wconf 86' lang='lat' dir='ltr'>Datum</span> <span class='ocrx_word' id='word_1_355' title='bbox 296 1961 404 1995; x_wconf 88' lang='lat' dir='ltr'>Rome</span> <span class='ocrx_word' id='word_1_356' title='bbox 433 1961 519 2008; x_wconf 86' lang='lat' dir='ltr'>apud</span> <span class='ocrx_word' id='word_1_357' title='bbox 541 1973 568 1995; x_wconf 86' lang='lat' dir='ltr'>s.</span> <span class='ocrx_word' id='word_1_358' title='bbox 590 1961 724 1996; x_wconf 87' lang='lat' dir='ltr'>Petrum</span> <span class='ocrx_word' id='word_1_359' title='bbox 747 1961 853 1995; x_wconf 83' lang='lat' dir='ltr'>idibus</span> <span class='ocrx_word' id='word_1_360' title='bbox 874 1961 963 2003; x_wconf 66' lang='lat' dir='ltr'>Jutii,</span> <span class='ocrx_word' id='word_1_361' title='bbox 986 1959 1194 2006; x_wconf 71' lang='lat' dir='ltr'>pontificatus</span> <span class='ocrx_word' id='word_1_362' title='bbox 1216 1960 1319 1991; x_wconf 76' lang='lat' dir='ltr'>nostri</span> <span class='ocrx_word' id='word_1_363' title='bbox 1341 1968 1427 1990; x_wconf 89' lang='lat' dir='ltr'>anno</span> <span class='ocrx_word' id='word_1_364' title='bbox 1449 1956 1596 1989; x_wconf 50' lang='lat' dir='ltr'>octavo*</span> <span class='ocrx_word' id='word_1_365' title='bbox 1623 1955 1710 2001; x_wconf 72' lang='lat' dir='ltr'>(vid.</span> <span class='ocrx_word' id='word_1_366' title='bbox 1735 1955 1880 1989; x_wconf 41' lang='lat' dir='ltr'>nuos»</span> <span class='ocrx_word' id='word_1_367' title='bbox 1910 1975 1956 1979; x_wconf 95' lang='lat'>—</span> <span class='ocrx_word' id='word_1_368' title='bbox 1976 1954 2011 1988; x_wconf 93' lang='lat' dir='ltr'>In</span> 
     </span>
     <span class='ocr_line' id='line_1_35' title="bbox 140 2016 2008 2068; baseline -0.004 -12"><span class='ocrx_word' id='word_1_369' title='bbox 140 2025 234 2056; x_wconf 89' lang='lat' dir='ltr'>cuius</span> <span class='ocrx_word' id='word_1_370' title='bbox 259 2025 308 2057; x_wconf 90' lang='lat' dir='ltr'>rei</span> <span class='ocrx_word' id='word_1_371' title='bbox 339 2025 562 2057; x_wconf 88' lang='lat' dir='ltr'>testimonium</span> <span class='ocrx_word' id='word_1_372' title='bbox 583 2025 748 2068; x_wconf 80' lang='lat' dir='ltr'>presentis</span> <span class='ocrx_word' id='word_1_373' title='bbox 770 2024 984 2067; x_wconf 73' lang='lat' dir='ltr'>transsumpti</span> <span class='ocrx_word' id='word_1_374' title='bbox 1007 2020 1169 2066; x_wconf 73' lang='lat' dir='ltr'>publicum</span> <span class='ocrx_word' id='word_1_375' title='bbox 1193 2022 1447 2051; x_wconf 69' lang='lat' dir='ltr'>instrumentum</span> <span class='ocrx_word' id='word_1_376' title='bbox 1469 2016 1591 2050; x_wconf 80' lang='lat' dir='ltr'>exinde</span> <span class='ocrx_word' id='word_1_377' title='bbox 1613 2016 1802 2050; x_wconf 81' lang='lat' dir='ltr'>confectum</span> <span class='ocrx_word' id='word_1_378' title='bbox 1826 2027 1885 2061; x_wconf 89' lang='lat' dir='ltr'>per</span> <span class='ocrx_word' id='word_1_379' title='bbox 1905 2019 2008 2048; x_wconf 90' lang='lat' dir='ltr'>nota-</span> 
     </span>
     <span class='ocr_line' id='line_1_36' title="bbox 139 2076 2008 2130; baseline -0.005 -13"><span class='ocrx_word' id='word_1_380' title='bbox 139 2086 222 2117; x_wconf 91' lang='lat' dir='ltr'>rium</span> <span class='ocrx_word' id='word_1_381' title='bbox 243 2082 410 2130; x_wconf 89' lang='lat' dir='ltr'>publicum</span> <span class='ocrx_word' id='word_1_382' title='bbox 431 2083 679 2129; x_wconf 85' lang='lat' dir='ltr'>infrascriptum</span> <span class='ocrx_word' id='word_1_383' title='bbox 703 2086 732 2117; x_wconf 92' lang='lat' dir='ltr'>in</span> <span class='ocrx_word' id='word_1_384' title='bbox 755 2084 895 2117; x_wconf 87' lang='lat' dir='ltr'>sormam</span> <span class='ocrx_word' id='word_1_385' title='bbox 918 2081 1038 2127; x_wconf 70' lang='lat' dir='ltr'>publici</span> <span class='ocrx_word' id='word_1_386' title='bbox 1061 2082 1269 2114; x_wconf 80' lang='lat' dir='ltr'>iustrmnenti</span> <span class='ocrx_word' id='word_1_387' title='bbox 1290 2078 1396 2121; x_wconf 78' lang='lat' dir='ltr'>redigi</span> <span class='ocrx_word' id='word_1_388' title='bbox 1419 2077 1612 2111; x_wconf 84' lang='lat' dir='ltr'>mandamus</span> <span class='ocrx_word' id='word_1_389' title='bbox 1634 2088 1673 2110; x_wconf 84' lang='lat' dir='ltr'>ac</span> <span class='ocrx_word' id='word_1_390' title='bbox 1693 2077 1792 2121; x_wconf 76' lang='lat' dir='ltr'>sigilli</span> <span class='ocrx_word' id='word_1_391' title='bbox 1811 2076 2008 2109; x_wconf 83' lang='lat' dir='ltr'>oflicialatus</span> 
     </span>
     <span class='ocr_line' id='line_1_37' title="bbox 139 2139 2006 2190; baseline -0.005 -12"><span class='ocrx_word' id='word_1_392' title='bbox 139 2146 232 2178; x_wconf 83' lang='lat' dir='ltr'>curie</span> <span class='ocrx_word' id='word_1_393' title='bbox 251 2143 548 2189; x_wconf 81' lang='lat' dir='ltr'>archiepiscopalis</span> <span class='ocrx_word' id='word_1_394' title='bbox 565 2143 745 2190; x_wconf 77' lang='lat' dir='ltr'>Pragensis</span> <span class='ocrx_word' id='word_1_395' title='bbox 765 2144 926 2190; x_wconf 84' lang='lat' dir='ltr'>predicte.</span> <span class='ocrx_word' id='word_1_396' title='bbox 949 2154 1013 2187; x_wconf 83' lang='lat' dir='ltr'>quo</span> <span class='ocrx_word' id='word_1_397' title='bbox 1034 2141 1073 2174; x_wconf 84' lang='lat' dir='ltr'>ad</span> <span class='ocrx_word' id='word_1_398' title='bbox 1096 2151 1235 2186; x_wconf 88' lang='lat' dir='ltr'>presens</span> <span class='ocrx_word' id='word_1_399' title='bbox 1251 2142 1382 2172; x_wconf 87' lang='lat' dir='ltr'>utimur.</span> <span class='ocrx_word' id='word_1_400' title='bbox 1404 2141 1608 2184; x_wconf 76' lang='lat' dir='ltr'>appensione</span> <span class='ocrx_word' id='word_1_401' title='bbox 1625 2141 1778 2171; x_wconf 74' lang='lat' dir='ltr'>iussimus</span> <span class='ocrx_word' id='word_1_402' title='bbox 1796 2139 2006 2171; x_wconf 89' lang='lat' dir='ltr'>communiri.</span> 
     </span>
     <span class='ocr_line' id='line_1_38' title="bbox 139 2199 2005 2243; baseline -0.005 -5"><span class='ocrx_word' id='word_1_403' title='bbox 139 2205 226 2239; x_wconf 87' lang='lat' dir='ltr'>Acta</span> <span class='ocrx_word' id='word_1_404' title='bbox 263 2209 339 2238; x_wconf 90' lang='lat' dir='ltr'>sunt</span> <span class='ocrx_word' id='word_1_405' title='bbox 375 2203 438 2238; x_wconf 92' lang='lat' dir='ltr'>hec</span> <span class='ocrx_word' id='word_1_406' title='bbox 472 2216 559 2238; x_wconf 89' lang='lat' dir='ltr'>anuo</span> <span class='ocrx_word' id='word_1_407' title='bbox 598 2205 720 2239; x_wconf 87' lang='lat' dir='ltr'>domiui</span> <span class='ocrx_word' id='word_1_408' title='bbox 761 2205 934 2238; x_wconf 86' lang='lat' dir='ltr'>millesimo</span> <span class='ocrx_word' id='word_1_409' title='bbox 968 2204 1202 2236; x_wconf 73' lang='lat' dir='ltr'>trecentesimo</span> <span class='ocrx_word' id='word_1_410' title='bbox 1233 2202 1451 2243; x_wconf 56' lang='lat' dir='ltr'>nonaeesimo</span> <span class='ocrx_word' id='word_1_411' title='bbox 1482 2202 1635 2243; x_wconf 77' lang='lat' dir='ltr'>septimo.</span> <span class='ocrx_word' id='word_1_412' title='bbox 1667 2199 1851 2231; x_wconf 87' lang='lat' dir='ltr'>indiccione</span> <span class='ocrx_word' id='word_1_413' title='bbox 1882 2200 2005 2242; x_wconf 84' lang='lat' dir='ltr'>quinta.</span> 
     </span>
     <span class='ocr_line' id='line_1_39' title="bbox 139 2258 2005 2312; baseline -0.005 -13"><span class='ocrx_word' id='word_1_414' title='bbox 139 2265 192 2299; x_wconf 90' lang='lat' dir='ltr'>die</span> <span class='ocrx_word' id='word_1_415' title='bbox 220 2265 320 2300; x_wconf 88' lang='lat' dir='ltr'>XXII</span> <span class='ocrx_word' id='word_1_416' title='bbox 349 2268 472 2300; x_wconf 89' lang='lat' dir='ltr'>mensis</span> <span class='ocrx_word' id='word_1_417' title='bbox 502 2265 724 2312; x_wconf 52' lang='lat' dir='ltr'>SeptembriQ</span> <span class='ocrx_word' id='word_1_418' title='bbox 755 2265 836 2299; x_wconf 78' lang='lat' dir='ltr'>liora</span> <span class='ocrx_word' id='word_1_419' title='bbox 869 2267 1059 2298; x_wconf 75' lang='lat' dir='ltr'>tei-ciarum.</span> <span class='ocrx_word' id='word_1_420' title='bbox 1078 2265 1108 2295; x_wconf 89' lang='lat' dir='ltr'>in</span> <span class='ocrx_word' id='word_1_421' title='bbox 1140 2263 1338 2295; x_wconf 67' lang='lat' dir='ltr'>consistorio</span> <span class='ocrx_word' id='word_1_422' title='bbox 1370 2259 1541 2303; x_wconf 57' lang='lat' dir='ltr'>pragensi⁷</span> <span class='ocrx_word' id='word_1_423' title='bbox 1574 2258 1783 2305; x_wconf 83' lang='lat' dir='ltr'>pontificatus</span> <span class='ocrx_word' id='word_1_424' title='bbox 1804 2259 2005 2291; x_wconf 86' lang='lat' dir='ltr'>sanctissimi</span> 
     </span>
     <span class='ocr_line' id='line_1_40' title="bbox 138 2320 2003 2372; baseline -0.005 -13"><span class='ocrx_word' id='word_1_425' title='bbox 138 2327 169 2359; x_wconf 91' lang='lat' dir='ltr'>in</span> <span class='ocrx_word' id='word_1_426' title='bbox 199 2324 333 2360; x_wconf 86' lang='lat' dir='ltr'>Christo</span> <span class='ocrx_word' id='word_1_427' title='bbox 361 2329 466 2372; x_wconf 89' lang='lat' dir='ltr'>patris</span> <span class='ocrx_word' id='word_1_428' title='bbox 495 2331 527 2360; x_wconf 87' lang='lat' dir='ltr'>et</span> <span class='ocrx_word' id='word_1_429' title='bbox 557 2326 681 2360; x_wconf 88' lang='lat' dir='ltr'>domiui</span> <span class='ocrx_word' id='word_1_430' title='bbox 711 2329 814 2360; x_wconf 84' lang='lat' dir='ltr'>nostri</span> <span class='ocrx_word' id='word_1_431' title='bbox 846 2326 968 2359; x_wconf 87' lang='lat' dir='ltr'>domini</span> <span class='ocrx_word' id='word_1_432' title='bbox 999 2322 1161 2357; x_wconf 79' lang='lat' dir='ltr'>Bonil&#39;aeii</span> <span class='ocrx_word' id='word_1_433' title='bbox 1191 2321 1299 2354; x_wconf 60' lang='lat' dir='ltr'>divina</span> <span class='ocrx_word' id='word_1_434' title='bbox 1322 2320 1538 2365; x_wconf 78' lang='lat' dir='ltr'>providencia</span> <span class='ocrx_word' id='word_1_435' title='bbox 1561 2330 1644 2365; x_wconf 90' lang='lat' dir='ltr'>pape</span> <span class='ocrx_word' id='word_1_436' title='bbox 1666 2321 1742 2352; x_wconf 88' lang='lat' dir='ltr'>noni</span> <span class='ocrx_word' id='word_1_437' title='bbox 1763 2329 1849 2351; x_wconf 90' lang='lat' dir='ltr'>anno</span> <span class='ocrx_word' id='word_1_438' title='bbox 1871 2322 2003 2351; x_wconf 84' lang='lat' dir='ltr'>octavo.</span> 
     </span>
     <span class='ocr_line' id='line_1_41' title="bbox 139 2378 2003 2427; baseline -0.005 -7"><span class='ocrx_word' id='word_1_439' title='bbox 139 2385 356 2421; x_wconf 87' lang='lat' dir='ltr'>Presentibus</span> <span class='ocrx_word' id='word_1_440' title='bbox 394 2386 645 2421; x_wconf 85' lang='lat' dir='ltr'>honorabilibus</span> <span class='ocrx_word' id='word_1_441' title='bbox 683 2392 714 2421; x_wconf 89' lang='lat' dir='ltr'>et</span> <span class='ocrx_word' id='word_1_442' title='bbox 753 2387 908 2421; x_wconf 79' lang='lat' dir='ltr'>diseretis</span> <span class='ocrx_word' id='word_1_443' title='bbox 949 2387 1028 2418; x_wconf 67' lang='lat' dir='ltr'>viris</span> <span class='ocrx_word' id='word_1_444' title='bbox 1066 2384 1232 2427; x_wconf 71' lang='lat' dir='ltr'>magistris</span> <span class='ocrx_word' id='word_1_445' title='bbox 1263 2380 1339 2413; x_wconf 82' lang='lat' dir='ltr'>Vito</span> <span class='ocrx_word' id='word_1_446' title='bbox 1369 2380 1408 2413; x_wconf 84' lang='lat' dir='ltr'>de</span> <span class='ocrx_word' id='word_1_447' title='bbox 1440 2379 1630 2413; x_wconf 82' lang='lat' dir='ltr'>Dobrzano.</span> <span class='ocrx_word' id='word_1_448' title='bbox 1664 2378 1760 2411; x_wconf 86' lang='lat' dir='ltr'>Petro</span> <span class='ocrx_word' id='word_1_449' title='bbox 1793 2379 1832 2411; x_wconf 90' lang='lat' dir='ltr'>de</span> <span class='ocrx_word' id='word_1_450' title='bbox 1864 2378 2003 2411; x_wconf 76' lang='lat' dir='ltr'>Sderaz.</span> 
     </span>
     <span class='ocr_line' id='line_1_42' title="bbox 138 2437 2005 2491; baseline -0.008 -6"><span class='ocrx_word' id='word_1_451' title='bbox 138 2445 294 2481; x_wconf 72' lang='lat' dir='ltr'>Conrado</span> <span class='ocrx_word' id='word_1_452' title='bbox 341 2447 382 2481; x_wconf 84' lang='lat' dir='ltr'>de</span> <span class='ocrx_word' id='word_1_453' title='bbox 430 2447 557 2481; x_wconf 80' lang='lat' dir='ltr'>Braclis</span> <span class='ocrx_word' id='word_1_454' title='bbox 603 2448 791 2491; x_wconf 61' lang='lat' dir='ltr'>advocatis„</span> <span class='ocrx_word' id='word_1_455' title='bbox 835 2447 963 2480; x_wconf 81' lang='lat' dir='ltr'>Tlioma</span> <span class='ocrx_word' id='word_1_456' title='bbox 1011 2445 1050 2478; x_wconf 84' lang='lat' dir='ltr'>de</span> <span class='ocrx_word' id='word_1_457' title='bbox 1095 2442 1303 2477; x_wconf 70' lang='lat' dir='ltr'>Novadomo.</span> <span class='ocrx_word' id='word_1_458' title='bbox 1350 2441 1445 2474; x_wconf 80' lang='lat' dir='ltr'>l’etro</span> <span class='ocrx_word' id='word_1_459' title='bbox 1482 2438 1678 2473; x_wconf 72' lang='lat' dir='ltr'>Hradeezka</span> <span class='ocrx_word' id='word_1_460' title='bbox 1720 2437 2005 2484; x_wconf 54' lang='lat' dir='ltr'>procuratoribus</span> 
     </span>
     <span class='ocr_line' id='line_1_43' title="bbox 136 2498 2001 2554; baseline -0.005 -13"><span class='ocrx_word' id='word_1_461' title='bbox 136 2506 276 2542; x_wconf 88' lang='lat' dir='ltr'>Nicolao</span> <span class='ocrx_word' id='word_1_462' title='bbox 315 2508 355 2542; x_wconf 87' lang='lat' dir='ltr'>de</span> <span class='ocrx_word' id='word_1_463' title='bbox 390 2507 522 2554; x_wconf 67' lang='lat' dir='ltr'>Hayna,</span> <span class='ocrx_word' id='word_1_464' title='bbox 566 2507 675 2542; x_wconf 89' lang='lat' dir='ltr'>Frana</span> <span class='ocrx_word' id='word_1_465' title='bbox 715 2508 755 2541; x_wconf 83' lang='lat' dir='ltr'>de</span> <span class='ocrx_word' id='word_1_466' title='bbox 794 2506 1017 2553; x_wconf 58' lang='lat' dir='ltr'>Sobyesslaw</span> <span class='ocrx_word' id='word_1_467' title='bbox 1056 2506 1193 2538; x_wconf 76' lang='lat' dir='ltr'>notariis</span> <span class='ocrx_word' id='word_1_468' title='bbox 1231 2506 1378 2535; x_wconf 86' lang='lat' dir='ltr'>aetorum</span> <span class='ocrx_word' id='word_1_469' title='bbox 1420 2501 1493 2533; x_wconf 84' lang='lat' dir='ltr'>dicti</span> <span class='ocrx_word' id='word_1_470' title='bbox 1534 2502 1722 2533; x_wconf 84' lang='lat' dir='ltr'>consistorii</span> <span class='ocrx_word' id='word_1_471' title='bbox 1761 2498 1941 2543; x_wconf 73' lang='lat' dir='ltr'>Pragcnsis</span> <span class='ocrx_word' id='word_1_472' title='bbox 1971 2502 2001 2531; x_wconf 89' lang='lat' dir='ltr'>et</span> 
     </span>
     <span class='ocr_line' id='line_1_44' title="bbox 138 2558 2004 2614; baseline -0.006 -12"><span class='ocrx_word' id='word_1_473' title='bbox 138 2568 247 2603; x_wconf 85' lang='lat' dir='ltr'>multis</span> <span class='ocrx_word' id='word_1_474' title='bbox 275 2568 347 2602; x_wconf 87' lang='lat' dir='ltr'>aliis</span> <span class='ocrx_word' id='word_1_475' title='bbox 377 2568 514 2602; x_wconf 87' lang='lat' dir='ltr'>testibus</span> <span class='ocrx_word' id='word_1_476' title='bbox 545 2572 634 2602; x_wconf 86' lang='lat' dir='ltr'>circa</span> <span class='ocrx_word' id='word_1_477' title='bbox 665 2571 826 2614; x_wconf 74' lang='lat' dir='ltr'>premissa</span> <span class='ocrx_word' id='word_1_478' title='bbox 859 2567 1044 2611; x_wconf 66' lang='lat' dir='ltr'>lidedignis.</span> <span class='ocrx_word' id='word_1_479' title='bbox 1078 2564 1114 2598; x_wconf 82' lang='lat' dir='ltr'>Et</span> <span class='ocrx_word' id='word_1_480' title='bbox 1157 2576 1220 2607; x_wconf 70' lang='lat' dir='ltr'>ego</span> <span class='ocrx_word' id='word_1_481' title='bbox 1260 2561 1481 2595; x_wconf 53' lang='lat' dir='ltr'>wem-eslans</span> <span class='ocrx_word' id='word_1_482' title='bbox 1529 2559 1693 2605; x_wconf 80' lang='lat' dir='ltr'>quondam</span> <span class='ocrx_word' id='word_1_483' title='bbox 1732 2558 1926 2592; x_wconf 43' lang='lat' dir='ltr'>&amp;venceslai</span> <span class='ocrx_word' id='word_1_484' title='bbox 1964 2558 2004 2591; x_wconf 87' lang='lat' dir='ltr'>de</span> 
     </span>
     <span class='ocr_line' id='line_1_45' title="bbox 136 2627 1146 2675; baseline -0.005 -12"><span class='ocrx_word' id='word_1_485' title='bbox 136 2627 245 2674; x_wconf 83' lang='lat' dir='ltr'>Praga</span> <span class='ocrx_word' id='word_1_486' title='bbox 281 2628 432 2675; x_wconf 90' lang='lat' dir='ltr'>publicus</span> <span class='ocrx_word' id='word_1_487' title='bbox 471 2629 631 2675; x_wconf 87' lang='lat' dir='ltr'>imperiali</span> <span class='ocrx_word' id='word_1_488' title='bbox 671 2631 869 2662; x_wconf 80' lang='lat' dir='ltr'>auctoritate</span> <span class='ocrx_word' id='word_1_489' title='bbox 906 2630 1054 2669; x_wconf 58' lang='lat' dir='ltr'>usuarius</span> <span class='ocrx_word' id='word_1_490' title='bbox 1084 2630 1146 2658; x_wconf 84' lang='lat' dir='ltr'>etc.</span> 
     </span>
    </p>
   </div>
   <div class='ocr_carea' id='block_1_10' title="bbox 449 2687 2000 2765">
    <p class='ocr_par' dir='ltr' id='par_1_10' title="bbox 449 2687 2000 2765">
     <span class='ocr_line' id='line_1_46' title="bbox 449 2687 2000 2736; baseline -0.008 -12"><span class='ocrx_word' id='word_1_491' title='bbox 449 2695 543 2736; x_wconf 82' lang='lat' dir='ltr'>(Orig.</span> <span class='ocrx_word' id='word_1_492' title='bbox 578 2700 660 2733; x_wconf 69' lang='lat' dir='ltr'>Perg.</span> <span class='ocrx_word' id='word_1_493' title='bbox 692 2699 744 2723; x_wconf 68' lang='lat' dir='ltr'>&lt;las</span> <span class='ocrx_word' id='word_1_494' title='bbox 777 2698 844 2725; x_wconf 74' lang='lat' dir='ltr'>auli.</span> <span class='ocrx_word' id='word_1_495' title='bbox 878 2698 936 2731; x_wconf 62' lang='lat' dir='ltr'>sig.</span> <span class='ocrx_word' id='word_1_496' title='bbox 970 2697 1108 2728; x_wconf 59' lang='lat' dir='ltr'>:ing=¹liist.</span> <span class='ocrx_word' id='word_1_497' title='bbox 1142 2695 1176 2719; x_wconf 80' lang='grc' dir='ltr'>ἰιιι</span> <span class='ocrx_word' id='word_1_498' title='bbox 1211 2704 1244 2718; x_wconf 75' lang='lat' dir='ltr'>ni.</span> <span class='ocrx_word' id='word_1_499' title='bbox 1280 2691 1530 2717; x_wconf 53' lang='lat' dir='ltr'>hamb-s-.x1-et1iv··</span> <span class='ocrx_word' id='word_1_500' title='bbox 1564 2691 1625 2716; x_wconf 69' lang='lat' dir='ltr'>Art,</span> <span class='ocrx_word' id='word_1_501' title='bbox 1653 2690 1753 2715; x_wconf 66' lang='lat' dir='ltr'>Iti-netz.</span> <span class='ocrx_word' id='word_1_502' title='bbox 1780 2690 1820 2715; x_wconf 87' lang='lat' dir='ltr'>lit.</span> <span class='ocrx_word' id='word_1_503' title='bbox 1848 2690 1880 2719; x_wconf 77' lang='lat' dir='ltr'>Q.</span> <span class='ocrx_word' id='word_1_504' title='bbox 1906 2698 1933 2716; x_wconf 76' lang='grc' dir='ltr'>ιι,</span> <span class='ocrx_word' id='word_1_505' title='bbox 1964 2687 2000 2721; x_wconf 76' lang='grc'>1)</span> 
     </span>
     <span class='ocr_line' id='line_1_47' title="bbox 1836 2740 1894 2765; baseline 0 0"><span class='ocrx_word' id='word_1_506' title='bbox 1836 2740 1894 2765; x_wconf 57' lang='grc' dir='ltr'>4δῆ</span> 
     </span>
    </p>
   </div>
  </div>
 </body>
</html>
