2313 3090
1198 170 1271 204 260

301 280 333 309 et
353 275 563 319 negligencia
583 279 695 307 nostra
718 277 847 319 penitus
868 284 934 307 non
955 272 1121 307 obstante.
1153 274 1247 315 Quod
1266 277 1292 307 si
1309 285 1373 308 non
1392 274 1583 311 fecerimus.
1607 276 1694 321 quod
1720 276 1815 310 absit.
1842 279 1918 310 etin
1937 279 2110 322 premissis
2131 287 2170 310 ac

301 339 539 382 premissorum
556 335 665 379 aliquo
682 334 893 377 neeligentes
910 334 1083 368 fuerimus.
1101 339 1177 368 tunc
1198 335 1284 368 illico
1307 335 1371 369 duo
1392 347 1435 368 ex
1457 335 1552 382 nobis
1573 336 1824 370 fideiussoribus
1845 342 1877 370 et
1893 336 2170 382 disbrigatoribus

301 397 469 443 predictis.
507 399 561 440 qui
590 406 649 440 pei·
679 398 866 427 nominatos
897 397 1041 439 priorem
1073 406 1111 428 ac
1142 400 1346 428 conventum
1376 396 1453 429 dicti
1491 400 1685 431 monasterii
1723 408 1763 430 ac
1800 408 1915 431 eorum
1952 408 2171 432 successores

302 469 361 492 seu
391 461 494 491 eciam
526 468 585 501 per
615 457 782 489 dominum
812 454 1001 488 Erharduni
1032 455 1087 489 vel
1118 455 1261 489 heredes
1290 459 1394 502 ipsius
1423 460 1536 491 moniti
1566 458 1739 493 fuerimus.
1770 469 1854 492 unus
1884 469 1944 503 per
1978 457 2170 492 absenciam

303 520 438 552 alterius
468 530 503 551 se
532 529 597 551 non
628 527 794 549 excusans
814 527 875 548 nec
906 526 990 549 unus
1011 516 1108 549 alium
1131 516 1355 562 expectando.
1379 520 1600 562 promittimus
1621 518 1707 552 bona
1730 523 1842 552 nostra
1865 518 1928 552 fide
1951 529 1991 552 ac
2011 518 2172 552 debemus

304 591 378 613 cum
408 578 535 612 duobus
565 580 658 622 equis
688 579 719 610 in
750 579 918 610 civitatem
959 576 1105 610 Brunam
1145 580 1177 610 in
1215 577 1348 610 domum
1386 577 1518 612 honesti
1548 578 1687 625 hospitis
1716 590 1777 625 per
1805 582 1896 625 ipsos
1926 579 2046 614 fratres
2076 578 2172 613 nobis

304 640 492 685 deputatum
523 638 712 671 subintrare
742 637 796 670 vel
832 640 941 682 quivis
978 648 1038 682 pro
1077 649 1113 671 se
1151 638 1249 671 alium
1290 637 1465 672 honestum
1504 643 1536 672 et
1564 639 1720 673 idoneum
1750 640 1900 674 militaris
1929 639 2055 673 ordinis
2083 638 2172 674 sub-

304 705 433 734 mittere
463 700 502 732 ad
532 698 747 744 prestandum
776 697 898 731 ibidem
929 697 1116 742 obstagium
1147 698 1280 732 solitum
1310 703 1341 732 et
1371 704 1568 733 consuetum
1599 700 1706 746 etc.÷³‘]
1753 699 1793 734 Et
1823 703 1850 733 si
1880 704 2032 746 tempore
2062 699 2172 734 medio

303 762 445 806 aliquem
483 759 715 793 fideiussorum
756 759 918 792 dictorum
958 759 998 792 de
1038 759 1101 793 hac
1139 762 1206 793 vita
1247 753 1623 805 migrarecontigerit,
1662 762 1749 806 quod
1789 760 1876 795 infra
1914 764 2011 796 unius
2049 763 2174 795 mensis

304 825 450 867 spacium
480 823 560 866 ipsis
590 819 746 853 fratribus
776 831 875 853 unum
906 819 1005 853 alium
1035 824 1100 853 tam
1130 819 1276 854 nobilem
1298 831 1395 865 quam
1421 821 1632 855 facultatibus
1652 822 1821 856 valentem
1843 825 1875 856 in
1895 822 2005 856 locum
2027 821 2174 856 defuncti

304 882 490 916 tenebimur
518 882 686 915 collocare
716 881 912 926 litei-amque
941 885 1134 926 presentem
1166 881 1206 914 de
1234 880 1340 915 verbo
1370 881 1573 915 adverbum
1594 887 1720 916 mutato
1741 883 1846 917 solum
1869 882 2017 916 defuncti
2041 885 2175 916 nomine

305 948 335 977 in
366 954 488 977 nomen
526 942 733 976 fideiussoris
769 942 933 975 substituti
969 953 1029 987 per
1067 945 1176 975 omnia
1213 945 1387 975 innovare.
1445 944 1633 977 Accidente
1667 954 1752 977 vero
1789 955 1881 987 casu,
1919 954 1984 989 quo
2022 943 2174 989 predicta

305 1008 414 1038 omnia
445 1009 475 1038 et
506 1004 636 1048 singula
666 1006 805 1048 prestito
836 1002 989 1047 obstagio
1020 1003 1074 1036 vel
1104 1014 1169 1036 non
1199 1006 1350 1048 prestito,
1381 1004 1466 1048 quod
1497 1003 1593 1038 absit.
1624 1015 1691 1037 non
1719 1004 1972 1050 impleverimus
2000 1003 2055 1037 vel
2085 1014 2176 1049 quo-

309 1064 487 1099 modolibet
530 1075 596 1098 non
639 1067 834 1109 poterimus.
879 1068 1003 1097 extunc
1046 1063 1163 1097 damus
1205 1066 1284 1109 ipsis
1327 1067 1429 1109 priori
1472 1067 1653 1097 conventui
1690 1076 1730 1098 ac
1767 1075 1882 1098 eorum
1921 1063 2176 1098 successoribus

304 1126 515 1172 presentibus
545 1126 676 1171 plenum
708 1136 820 1170 posse.
859 1124 964 1158 dictas
1000 1128 1134 1158 centum
1171 1136 1246 1158 cuin
1285 1128 1466 1169 nonaginta
1492 1136 1685 1169 sexagenas
1721 1136 1794 1159 cum
1833 1124 1987 1159 omnibus
2026 1124 2177 1170 dampnis

305 1186 531 1233 probabilibus
561 1186 705 1231 desuper
734 1188 877 1219 accretis
908 1186 1090 1230 recipiendi
1129 1189 1160 1218 in
1194 1186 1305 1229 judeis
1340 1185 1395 1218 vet
1433 1185 1624 1219 christianis
1659 1196 1761 1231 super
1798 1188 1909 1219 omnia
1940 1185 2032 1219 =bona
2062 1190 2176 1219 nostra

306 1248 437 1281 mobilia
460 1253 488 1281 et
521 1246 698 1280 immobilia
728 1246 850 1291 ubique
880 1246 990 1280 habita
1020 1246 1074 1279 vel
1105 1246 1269 1280 habenda.
1301 1258 1339 1280 ac
1370 1251 1559 1280 nostrorum
1590 1249 1737 1280 omnium
1767 1257 1869 1292 super
1897 1246 2050 1292 dampna.
2089 1245 2176 1280 Pre-

305 1312 452 1342 sencium
484 1308 543 1342 sub
573 1311 730 1354 appensis
759 1311 882 1341 nostris
911 1308 1027 1352 sigillis
1056 1310 1247 1341 testimonio
1276 1308 1456 1341 literarum.
1490 1306 1559 1340 Sub
1589 1318 1676 1341 anno
1706 1307 1829 1340 domini
1850 1307 2025 1341 millesimo
2046 1310 2177 1340 tricen-

307 1373 424 1403 tesimo
454 1372 673 1414 nonagesimo
704 1372 830 1414 quinto.
861 1368 915 1402 die
945 1372 1051 1402 sancti
1081 1368 1311 1402 Bartholomei
1340 1368 1482 1414 apostoli
1511 1368 1662 1413 gloriosi.

619 1474 709 1508 isli-ig,
737 1475 818 1508 Pei-g.
851 1485 856 1499 ι
889 1474 914 1498 li.
940 1474 996 1508 sig.
1023 1474 1059 1499 in]
1084 1474 1209 1499 Archive
1234 1473 1283 1499 des
1308 1474 1441 1499 Klosters
1466 1473 1613 1507 Raigern.)

1185 1646 1294 1681 275.

310 1727 350 1760 Κ.
399 1725 538 1760 Πέηῑ-ιἸ
571 1725 632 1758 [Γ.
671 1725 809 1758 frumist
839 1726 910 1758 dem
942 1725 1077 1768 illm-lisy.
1109 1725 1233 1767 dodolf,
1264 1725 1337 1758 dem
1368 1723 1536 1758 Heinrich
1568 1735 1631 1757 con
1663 1723 1879 1767 Roseuherq,
1916 1723 2083 1757 lleinrz'ele
2114 1735 2178 1758 con

310 1788 487 1821 Xeulzaus.
515 1786 652 1819 Breuelf
669 1798 730 1819 rou
752 1786 863 1819 Slmln
886 1787 952 1819 und
972 1786 1077 1819 Mrem
1099 1786 1269 1829 Auleonye
1289 1785 1443 1819 siclaeres
1465 1785 1606 1818 Gelaite.
1630 1784 1687 1818 Dt.
1711 1785 1805 1828 Pras]
1826 1784 1885 1818 24.
1910 1784 2047 1828 August
2067 1784 2179 1819 1395.

447 1863 506 1915 xx
527 1883 702 1916 eneeslaus
733 1883 783 1915 dei
814 1886 929 1919 gracia
959 1882 1188 1916 Romanorum
1222 1893 1282 1916 rex
1312 1893 1446 1928 semper
1476 1883 1652 1927 Augustus
1682 1886 1713 1915 et
1743 1880 1882 1915 Boemie
1918 1893 1991 1916 rex.
2031 1880 2181 1915 Notum-

308 1947 446 1980 fueimus
469 1949 585 1977 tenore
606 1946 818 1988 present-uun
841 1946 1020 1985 universis
1051 1942 1136 1988 quod
1158 1946 1266 1976 animo
1301 1942 1487 1977 deliberato
1508 1954 1589 1976 sano
1611 1942 1756 1976 fidelium
1778 1947 1970 1976 nostrorum
1996 1942 2183 1976 accedente

310 2007 451 2041 consitio
483 2011 510 2037 et
544 2006 583 2038 de
614 2010 704 2038 eei-tu
737 2010 848 2038 nostra
872 2008 1017 2038 sciencia
1046 2005 1165 2038 illustri
1187 2003 1327 2039 Jodoeo,
1358 2003 1543 2037 marchioni
1564 2003 1729 2046 Moravie,
1760 2006 1902 2049 principi
1924 2008 2042 2049 patruo
2065 2007 2182 2037 nostro

311 2071 497 2102 carissimo.
529 2066 695 2100 nubilibus=
725 2077 857 2111 quoque
886 2065 1047 2098 Heinrieo
1078 2066 1118 2098 (le
1148 2064 1373 2109 Rosemberg.
1414 2064 1560 2098 ilenrico
1590 2065 1631 2098 de
1662 2064 1873 2108 lN'ovadomo7
1913 2063 2113 2098 Przienkoni
2142 2064 2183 2098 de

312 2129 413 2163 Skata
451 2133 479 2161 et
521 2126 673 2160 omnibus
718 2128 791 2160 aliis
836 2130 930 2164 regni
971 2126 1108 2159 Boemie
1150 2125 1332 2159 baronibus
1375 2124 1613 2159 adherentibus
1657 2125 1842 2160 fautoribus
1885 2130 1915 2159 et
1960 2124 2183 2159 servitoribus

314 2189 511 2230 eorumleni.
541 2200 623 2233 quus
653 2200 767 2221 set-uui
798 2188 1012 2220 zuldueenilos
1043 2187 1273 2222 ‹leci-everint.
1305 2188 1435 2221 salvum
1466 2191 1495 2219 et
1528 2198 1683 2220 securum
1714 2187 1915 2220 conductum
1945 2191 2096 2221 nostrum
2121 2197 2182 2232 pro

314 2250 408 2284 uubis
438 2249 624 2283 fautoribus
655 2254 683 2281 et
716 2248 955 2282 :ullu-rentibus
985 2252 1110 2282 nostris
1140 2253 1170 2281 et
1193 2248 1346 2282 omnibus
1367 2249 1452 2282 aliis.
1483 2251 1535 2293 qui
1558 2259 1658 2281 eausa
1680 2251 1785 2281 nostri
1806 2247 1932 2281 faciunt
1951 2252 1983 2280 et
2005 2247 2182 2287 dimittunt,

312 2313 461 2345 «ludimus
492 2317 520 2344 et
554 2311 764 2343 donuviuuis.
809 2310 923 2343 ‹taums
955 2312 1078 2343 virtute
1109 2313 1318 2355 presencium
1351 2309 1427 2342 dolo
1458 2313 1487 2342 et
1526 2308 1643 2342 l'ruude
1672 2308 1873 2353 quibuslibet
1904 2308 2122 2354 proculmotis
2152 2312 2183 2341 et

313 2374 493 2406 donamus:
535 2376 576 2405 ita
614 2372 784 2405 videlicet.
827 2376 857 2404 ut
898 2374 958 2416 ipsi
996 2382 1112 2404 ornnes
1152 2376 1181 2403 et
1222 2381 1337 2403 eorum
1377 2369 1512 2415 quilibet
1545 2382 1617 2403 euni
1656 2369 1841 2404 fautoribus
1883 2368 2123 2403 adherentibus
2152 2373 2183 2402 et

314 2433 537 2467 servitoribus
575 2436 642 2466 suis
681 2444 697 2464 a
739 2432 814 2465 «lata
851 2435 1064 2477 presencium
1104 2432 1142 2465 ad
1182 2431 1435 2477 quatuordeeim
1475 2431 1544 2464 dies
1583 2434 1740 2464 continue
1770 2442 1806 2464 se
1844 2434 2025 2475 sequentes
2054 2429 2093 2463 ad
2124 2440 2185 2463 nos

316 2498 444 2528 venire.
477 2495 559 2540 apud
594 2506 652 2527 nos
684 2496 806 2527 morari
838 2499 866 2526 et
899 2506 915 2526 a
947 2493 1041 2526 nobis
1072 2496 1148 2526 viee
1178 2504 1276 2525 versa
1308 2493 1346 2525 ad
1378 2492 1544 2525 domicilia
1576 2494 1710 2537 propria
1742 2502 1895 2524 remeare
1924 2490 2059 2525 valeant
2085 2495 2184 2536 atque

316 2560 452 2600 posunt.
485 2555 583 2588 rebusv
613 2556 716 2588 salvis
747 2558 873 2600 pariter
903 2559 932 2587 et
964 2557 1129 2599 personis.
1162 2554 1286 2587 nullum
1317 2553 1428 2586 dolum
1459 2564 1517 2586 seu
1549 2552 1698 2586 fraudem
1730 2555 1760 2585 in
1791 2563 1832 2585 eo
1861 2551 1922 2585 sub
1950 2550 2058 2585 verbo
2089 2555 2184 2596 regio

464 2671 496 2705 *lt
522 2669 604 2701 Fulgt
631 2668 675 2693 tlic-
700 2669 898 2695 grunitintiotu·
924 2668 1174 2699 Eintawrformel,

2303 3050 2312 3060 ο
2294 2931 2313 3033 4422„
