2313 3090
11 2366 13 2371 .
8 2259 19 2345 4...—
9 2065 22 2247 --'‚.,-—--
9 1956 18 2052 —vae-0

1037 193 1110 227 207

144 298 273 345 publice
303 298 474 344 discipline
503 298 677 342 lentescat„
708 309 824 332 eorum
855 298 894 332 ad
924 298 1132 344 peccandum
1164 299 1316 333 voluntas
1348 300 1381 334 lit
1409 300 1533 346 lapsior
1566 306 1598 334 et
1636 302 1826 347 exemplum
1862 305 2010 348 impuni—

144 362 217 394 tatis
247 359 466 405 periculosius
495 362 527 393 in
557 359 639 393 alios
668 359 841 403 dirivatur,
872 364 1009 405 propter
1038 359 1123 404 quod
1154 359 1194 393 ad
1224 360 1422 405 presidentis
1453 360 1597 395 officium
1620 365 1762 407 pertinet
1788 366 1835 396 sic
1866 363 2010 397 debitam

142 423 384 454 execncionem
405 419 566 453 adhibere
583 421 729 463 justicie,
751 420 837 465 quod
859 423 1036 454 commissa
1053 423 1115 453 iam
1134 422 1273 453 crimina
1291 424 1400 465 puniat
1423 426 1455 455 et
1475 422 1787 456 connnittendorum
1805 426 2011 469 inposterum

143 480 314 514 audaciam
344 480 530 514 interdicat.
562 479 651 513 Sane
682 479 902 514 lamentabilis
931 480 1067 525 querela
1098 479 1273 514 multorum
1296 486 1445 515 nostruin
1467 481 1661 527 frequenter
1687 482 1832 517 turbavit
1852 484 2010 520 anditum.

143 544 340 575 amaricavit
369 546 401 574 et
430 546 587 577 mentem.
618 541 704 586 quod
735 542 882 575 nonnulli
912 544 1089 586 iniquitatis
1119 540 1185 583 filii,
1216 552 1234 574 a
1264 552 1405 586 quorum
1435 543 1539 576 oculis
1570 543 1622 576 dei
1653 546 1749 577 timor
1780 543 1955 581 absc-essin
1978 548 2010 578 in

144 604 278 636 civitate
307 606 339 636 et
367 602 493 636 diocesi
524 601 740 636 Olomucensi
771 607 924 648 pretextu
955 613 1164 647 querrarnm,
1204 601 1321 646 quibus
1358 607 1469 648 partes
1509 603 1561 637 ille
1598 604 1753 638 dicuntur
1789 605 2012 651 multipliciter

124 662 276 708 ,fatigari
305 667 337 696 et
365 662 446 696 alias
476 667 603 696 temere
632 663 775 696 clericos
813 668 844 696 et
882 662 1130 696 ecclesiasticas
1159 673 1323 708 personas
1361 663 1532 697 seculares
1567 669 1597 698 et
1633 665 1808 710 regulares
1838 668 1943 698 eciam
1980 669 2011 699 in

145 723 358 768 dignitatibus
387 726 584 758 constitutos
614 726 758 758 civitatis
788 729 819 757 et
839 724 983 758 diocesis
1005 723 1242 769 predictarumff
1265 723 1390 758 bellicis
1411 724 1538 759 actibus
1559 736 1596 759 se
1617 728 1752 759 minime
1772 728 2011 769 immiscentes,

144 795 210 819 non
239 783 364 829 absque
400 786 586 818 inieccione
624 795 777 818 manuum
808 784 954 818 violenta
992 795 1128 830 capere,
1167 784 1331 819 detinere.
1369 785 1562 819 carceribus
1599 789 1803 832 mancipare‚
1838 790 2013 821 tormentis

144 844 323 888 subiicere,
351 844 552 879 verberibus
581 845 716 889 cedere,
745 845 939 889 vulnerare,
971 848 1068 879 morti
1098 845 1232 879 tradere
1262 850 1295 879 et
1314 845 1505 880 crudelibus
1525 846 1768 880 affliccionibus
1789 848 1829 881 ad
1849 848 2013 894 redemp-

147 908 262 940 ciones
289 904 453 940 indebitas
482 905 705 951 personaliter
726 905 924 948 cohercere,
954 905 1184 951 ecclesiasque
1214 910 1417 940 monasteria
1447 918 1486 940 ac
1517 907 1691 953 hospitalia
1722 912 1753 941 et
1782 907 1844 941 alia
1866 911 1918 954 pia
1940 908 2013 942 loca

143 966 307 1001 secularia
337 970 369 1000 et
397 966 565 1010 regularia
597 966 683 1000 dicte
712 966 856 1000 diocesis
885 966 1059 1009 invadere,
1081 966 1253 1012 frangere,
1274 978 1408 1012 capere,
1430 979 1597 1013 occupare
1619 973 1651 1002 et
1671 973 1832 1013 occupata
1850 969 2013 1012 detinere,

145 1027 278 1061 diruere
307 1031 339 1060 et
368 1027 522 1060 incendio
551 1037 771 1061 concremare
800 1038 839 1061 ac
868 1027 1043 1070 ecclesias,
1064 1027 1138 1061 loca
1159 1031 1191 1061 et
1211 1031 1413 1062 monasteria
1435 1031 1504 1074 ipsa
1526 1027 1630 1063 libris.
1652 1028 1822 1064 calicibus.
1845 1028 2011 1063 crucibus.

147 1092 340 1123 sanctorum
370 1087 530 1132 reliquiis,
560 1090 762 1133 paramentis
791 1092 823 1121 et
851 1091 1056 1122 ornamentis
1086 1088 1158 1122 aliis
1187 1087 1300 1122 divino
1331 1089 1431 1122 cultui
1460 1094 1491 1122 et
1521 1092 1592 1122 usui
1622 1089 1786 1135 deputatis
1816 1090 1961 1135 spoliare
1982 1094 2015 1123 et

144 1149 333 1183 huiusmodi
360 1147 474 1190 libros„
506 1148 641 1191 calices,
671 1160 802 1192 cruces„
831 1153 1022 1182 sanctorum
1053 1148 1223 1194 reliquias,
1245 1154 1438 1195 paramenta
1460 1155 1489 1183 et
1512 1154 1707 1183 ornamenta
1729 1162 1811 1183 ausu
1832 1150 2013 1195 sacrilege,

146 1220 278 1244 necnon
306 1209 447 1253 fructus,
477 1209 638 1252 redditus,
669 1220 723 1242 res
753 1214 785 1243 et
814 1208 899 1243 bona
929 1209 1067 1243 aliarum
1106 1220 1327 1256 personarum
1367 1211 1684 1254 ecclesiasticarum,
1719 1214 2013 1254 monasteriorum,

145 1270 357 1317 hospitalium
387 1275 419 1304 et
447 1270 587 1304 aliorum
617 1270 766 1304 locorum
796 1270 984 1305 huiusmodi
1013 1275 1078 1304 tam
1108 1274 1139 1304 in
1169 1274 1249 1316 ipsis
1279 1271 1430 1305 ecclesiis
1461 1283 1557 1317 quam
1596 1276 1691 1305 extra
1722 1272 1792 1305 illas
1828 1274 2013 1305 existencia

145 1335 251 1367 eciam
294 1331 461 1365 violenter
502 1342 635 1377 rapere3
679 1331 855 1377 depredari
899 1343 937 1365 ac
975 1334 1007 1365 in
1042 1332 1179 1378 predam
1219 1332 1387 1366 abducere
1425 1344 1483 1366 seu
1522 1337 1697 1378 asportare
1738 1337 2016 1378 presumpserunt

147 1393 308 1427 hactenus
344 1396 377 1425 et
410 1391 544 1425 cottidie
582 1403 779 1437 presumere
816 1404 880 1426 non
907 1397 1080 1434 verentur,
1118 1397 1255 1438 propter
1293 1404 1356 1438 que
1395 1394 1509 1427 clerici
1538 1398 1569 1426 et
1608 1404 1752 1439 persone
1782 1393 2014 1432 ecclesiarum,

146 1456 436 1494 monasteriorum,
468 1452 677 1498 hospitalium
708 1457 739 1486 et
769 1453 917 1486 locorum
947 1456 1093 1499 ipsorum
1124 1464 1162 1487 ea
1180 1457 1286 1488 coacti
1316 1454 1537 1488 deseruerunt
1567 1459 1598 1487 et
1619 1454 1788 1487 deserunt.
1811 1466 1850 1487 ac
1870 1453 2016 1487 ecclesie

146 1513 314 1559 obsequiis
344 1518 374 1547 et
405 1512 527 1547 Christi
557 1512 672 1547 fideles
702 1517 921 1547 sacramentis
952 1514 1189 1549 ecclesiasticis
1219 1526 1257 1548 ac
1288 1526 1453 1561 pauperes
1483 1519 1513 1548 et
1544 1514 1663 1548 infirmi
1698 1518 1749 1560 pie
1785 1514 2016 1560 hospitalitatis

144 1574 375 1609 subvencione
391 1574 607 1615 fraudantur;
629 1574 783 1620 quodque
805 1575 962 1609 nonnulli.
985 1578 1038 1620 qui
1058 1575 1255 1619 gloriantur.
1278 1587 1350 1609 cum
1371 1575 1612 1609 malefecerint.
1636 1575 1823 1609 huiusmodi
1841 1578 2014 1609 criminum

147 1640 334 1682 patratores
362 1646 495 1669 necnon
524 1635 665 1669 clericos
695 1641 727 1669 et
759 1647 921 1681 personas
951 1636 1198 1670 ecclesiasticas
1237 1641 1350 1682 captas
1388 1636 1428 1670 ab
1463 1639 1510 1669 eis
1551 1647 1589 1669 ac
1619 1639 1756 1682 insuper
1784 1635 1870 1669 bona
1901 1640 1931 1668 et
1963 1645 2017 1669 res

147 1697 334 1731 huiusmodi
362 1707 423 1742 per
452 1707 511 1730 eos
540 1699 571 1730 in
602 1697 737 1742 predam
777 1696 917 1730 abducta
947 1709 1006 1730 seu
1043 1702 1210 1743 asportata
1249 1701 1396 1731 scienter
1431 1700 1462 1730 in
1501 1696 1701 1732 civitatibus
1741 1699 1871 1739 castri&
1915 1696 2015 1730 villis.

147 1757 331 1799 fortaliciiS,
363 1760 460 1791 terris
490 1761 521 1790 et
550 1757 622 1791 aliis
650 1757 732 1791 locis
762 1768 876 1791 eorum
900 1763 1159 1803 receptaverunt
1179 1758 1340 1792 hactenus
1362 1763 1391 1791 et
1415 1762 1600 1803 receptant.
1623 1758 1720 1802 aliqui
1743 1769 1826 1791 vero
1854 1760 2018 1803 premissa

103 1820 109 1827 '
147 1821 258 1852 omnia
287 1829 346 1852 seu
376 1818 532 1852 nonnulla
571 1829 614 1851 cx
650 1821 698 1852 eis
735 1818 804 1852 ficri
841 1830 899 1851 seu
939 1821 1098 1852 committi
1133 1818 1285 1852 fecerunt
1322 1824 1354 1852 et
1392 1822 1498 1853 eciam
1538 1819 1782 1852 mandaverunt
1812 1830 1871 1852 seu
1901 1830 2016 1852 eorum

149 1881 281 1913 nomine
311 1882 366 1912 aut
394 1878 550 1912 mandato
581 1878 666 1912 facta
696 1881 769 1913 sive
799 1882 977 1913 commissa
1008 1884 1076 1913 rata
1109 1879 1296 1914 habuerunt
1324 1884 1356 1914 et
1386 1879 1521 1919 habent„
1552 1880 1605 1913 alii
1635 1883 1741 1913 eciam
1777 1880 1903 1914 eisdem
1934 1891 2017 1925 pre-

149 1940 309 1973 dictorum
340 1942 514 1973 criminum
545 1939 769 1984 patratoribus
800 1942 830 1973 in
861 1940 1105 1974 committendis
1135 1940 1260 1974 eisdem
1283 1940 1480 1974 excessibus
1502 1952 1561 1986 per
1582 1952 1618 1974 se
1639 1945 1671 1973 et
1692 1940 1772 1974 alios
1803 1943 2016 1986 lii-(stiterunt

149 2005 179 2033 et
223 2004 371 2045 prestant
406 2000 565 2033 auxilium
599 2004 629 2033 et
669 2000 843 2034 favorem.
881 2012 987 2045 eaque
1024 2004 1146 2034 omnia.
1185 2012 1248 2046 qne
1287 2005 1317 2035 in
1352 2013 1494 2046 (gravem
1534 2005 1639 2035 eciam
1680 2002 1792 2035 divine
1837 2005 2018 2035 maiestatis

149 2062 320 2103 offensam,
351 2063 536 2095 animarum
567 2061 764 2107 periculum,
794 2062 937 2095 ecclesie
958 2061 1119 2095 libertatis
1140 2066 1364 2107 contemptum
1387 2067 1418 2095 et
1438 2063 1655 2108 plurimorum
1677 2062 1870 2095 scandalum
1893 2062 2017 2095 cadere

148 2122 375 2165 dinoscuntur,
406 2124 438 2155 in
467 2124 602 2155 civitate
632 2127 663 2155 et
693 2122 817 2156 diocesi
848 2125 1041 2156 memoratis
1071 2126 1117 2156 sic
1148 2127 1223 2156 sunt
1251 2126 1392 2157 notoria.
1423 2126 1470 2157 sic
1501 2135 1539 2156 ea
1579 2122 1665 2156 fama
1702 2122 1829 2168 publica
1869 2123 2020 2163 divulgat

148 2185 264 2227 sicque
305 2185 426 2216 nociva
468 2182 672 2227 proclidolor
714 2186 929 2228 experiencia
978 2184 1179 2217 manifestat.
1223 2184 1308 2228 quod
1355 2187 1646 2228 tergiversacione
1694 2184 1802 2228 aliqua
1851 2188 2020 2228 nequeunt

149 2243 321 2276 occultari.
370 2242 550 2288 Cupientes
589 2246 688 2287 igitur
726 2243 803 2277 huic
839 2244 969 2287 morbo,
1006 2255 1047 2277 ne
1077 2256 1137 2289 per
1174 2255 1285 2278 moras
1322 2249 1508 2290 temporum
1545 2244 1650 2277 factus
1685 2247 1840 2277 cronicus
1871 2244 2018 2276 l'onienta

149 2307 283 2348 respuat
313 2303 488 2339 medicine.
519 2309 716 2350 oportunam
747 2309 779 2337 et
799 2316 982 2347 congruam
1004 2305 1164 2339 adhibere
1186 2306 1361 2347 medelam„
1385 2305 1584 2338 discrecioni
1616 2310 1729 2339 vestre
1752 2316 1810 2350 per
1835 2305 2017 2350 apostolica

147 2366 270 2409 scripta
308 2367 543 2398 committimus
579 2369 611 2397 et
647 2365 852 2399 mandamus.
892 2371 1054 2411 quatenns
1095 2378 1155 2399 vos
1190 2366 1244 2399 vel
1274 2367 1338 2399 duo
1377 2371 1427 2398 aut
1470 2377 1552 2399 unus
1589 2371 1737 2399 vestrum
1776 2377 1834 2410 per
1875 2377 1935 2398 vos
1965 2365 2018 2399 vel

149 2423 248 2457 alium
277 2435 337 2458 seu
365 2424 448 2458 alios
478 2436 595 2459 omnes
624 2431 655 2459 et
685 2426 836 2469 singulos
867 2432 931 2460 tam
962 2427 1104 2460 clericos
1134 2438 1230 2471 quain
1264 2427 1377 2459 laicos.
1408 2430 1637 2471 cuiuscunque
1667 2431 1782 2459 status.
1813 2425 1938 2459 ordinis
1965 2426 2019 2459 vel

150 2484 355 2519 condicionis
384 2489 540 2520 existant..
572 2486 758 2520 huiusmodi
787 2487 987 2520 clericorum
1018 2499 1077 2521 seu
1107 2488 1412 2521 ecclesiastic-arnul
1434 2497 1653 2532 personarum
1684 2498 1731 2519 se.
1756 2491 1785 2518 nt
1808 2488 2019 2531 premittitur.

151 2543 277 2579 bellicis
306 2546 433 2579 actibus
463 2558 527 2580 non
559 2550 832 2587 iinmiscenciunn
863 2553 1029 2593 captores.
1061 2548 1265 2583 detentores.
1287 2559 1461 2581 carcerum
1494 2550 1751 2592 mancipatores.
1774 2546 2017 2592 compulsores.

152 2605 401 2640 verberatores.
435 2607 679 2651 vulneratores,
710 2612 881 2642 occisores
912 2620 1041 2642 necnon
1073 2612 1218 2654 ipsorum
1250 2609 1448 2642 clericorum
1480 2620 1538 2641 seu
1560 2618 1780 2653 personarum
1804 2607 2018 2640 ecclesiasti-

152 2676 265 2699 carum
296 2669 343 2700 sic
372 2671 543 2713 captorum
574 2679 632 2701 seu
663 2668 872 2702 detentorum
909 2674 963 2702 aut
1002 2676 1250 2703 carceratorum
1290 2673 1530 2714 receptatores,
1568 2668 1788 2701 ecclesiarum
1823 2666 2019 2700 ell'ractores
