2313 3090
1187 186 1259 219 100

294 299 325 327 et
362 293 647 328 declaracionibus
678 303 737 337 per
766 303 826 325 nos
857 291 963 326 factis.
1004 300 1067 334 que
1098 292 1207 322 omnia
1238 291 1298 334 ipsi
1328 290 1486 333 episcopo
1516 291 1548 320 in
1576 299 1642 321 uno
1671 287 1781 321 libello
1811 287 1871 321 51111
1900 287 2009 331 sigillo
2038 290 2153 320 nostro

295 357 554 392 transmittimus„
585 356 722 398 recipiat
750 355 884 396 suisque
913 349 1051 384 subditis
1080 352 1112 382 in
1142 348 1280 394 synodis
1308 352 1425 382 recitet
1456 353 1488 391 et
1516 348 1576 383 sub
1605 352 1700 395 penis
1728 360 1789 394 per
1818 359 1876 381 eos
1905 350 2009 393 recipi
2044 347 2155 390 faciat,

293 420 325 448 111
355 418 459 449 sciant
489 414 548 448 sibi
579 425 596 447 a
626 416 737 447 vetitis
767 422 965 457 precavere.
998 410 1079 443 Item
1110 409 1284 443 hortamur
1314 413 1344 442 et
1373 412 1586 455 precipimus,
1618 414 1651 442 ut
1676 412 1852 455 episcopus
1881 413 1981 454 ponat
2010 410 2155 453 inquisi-

294 481 400 509 torem
430 475 578 508 heretice
607 476 779 519 pravitatis
810 475 841 505 in
871 482 928 505 sua
960 471 1097 513 diocesi‚
1127 474 1161 502 ut
1189 472 1221 502 111
1251 480 1334 514 agro
1364 469 1425 503 sibi
1453 469 1584 504 subdito
1606 470 1645 503 ad
1666 469 1939 503 sublimacionem
1960 478 2156 514 prosperam

296 539 396 582 ipsius
426 536 568 569 ecclesie
598 537 762 579 extirpato
791 533 868 566 10110
898 533 1045 565 cuiusvis
1074 530 1237 564 hereseos
1267 529 1417 563 firmetur
1445 529 1604 564 stabilitas
1634 529 1709 563 fidei
1739 529 1938 563 orthodoxe.
1969 528 2051 562 Item
2083 538 2157 561 cum

294 607 467 630 usurarum
499 605 628 638 vorago
658 594 734 637 lege
764 595 802 626 sit
833 591 998 638 prohibita
1029 594 1190 624 canonica
1219 594 1251 623 et
1281 590 1404 634 divina.
1435 589 1652 624 obsecramus
1683 595 1715 623 et
1749 601 1907 634 rogamus
1936 600 1996 635 per
2024 592 2157 622 viscera

295 656 523 690 misericordie
553 654 632 688 Jesu
662 653 782 686 Christi
813 656 1006 698 episcopum
1037 655 1067 685 et
1097 651 1274 696 capitulum
1305 655 1337 684 et
1365 651 1553 696 singulares
1574 662 1738 697 personas
1759 650 1992 685 Olomucensis
2013 649 2157 683 ecclesie

296 722 327 750 et
356 717 499 750 diocesis
528 718 673 761 ipsisque
703 714 856 747 distiilcte
885 715 1100 758 precipimus,
1129 723 1171 745 ne
1200 712 1318 757 aliquis
1347 723 1391 745 ex
1419 715 1499 758 ipsis
1528 715 1561 746 in
1589 723 1650 746 suo
1680 712 1825 746 dominio
1854 715 1886 745 in
1907 722 2015 756 grave
2047 709 2158 756 populi

294 777 483 811 scandalum
523 775 644 820 judeos
687 779 795 808 teneat
835 774 873 807 ad
911 773 1007 807 fenus
1042 777 1073 806 et
1109 775 1136 806 si
1174 783 1257 817 quos
1296 775 1457 818 quispiam
1496 784 1611 806 eorum
1650 777 1752 815 tenet,
1791 771 1876 805 infra
1904 771 2033 818 lapsum
2062 773 2159 804 trium
2195 791 2197 793 -

296 840 455 871 mensium
486 836 608 869 alienet
637 846 710 868 cum
741 835 859 868 effectu
890 834 929 867 ad
947 834 1023 877 hoc,
1040 839 1074 867 ut
1089 834 1164 868 laici
1187 832 1385 866 clericorum
1407 833 1562 878 exemplo
1592 833 1631 866 ad
1653 833 1771 867 similia
1792 835 1984 875 invitentur,
2015 831 2160 876 alioquin

296 899 387 943 lapso
418 900 512 930 trium
543 899 705 930 mensium
735 898 849 941 spacio
879 906 896 928 a
918 897 1120 940 recepcione
1140 896 1364 939 presencium,
1394 896 1421 927 si
1442 896 1632 939 episcopus.
1663 894 1749 939 quod
1770 893 1867 937 absit,
1897 897 2013 927 contra
2029 891 2159 934 fecerit,

295 960 524 1003 suspensionis
561 956 600 989 ab
639 959 794 1000 ingressu
830 956 986 993 ecclesie.
1025 958 1052 989 si
1091 953 1268 1000 capitulum
1304 954 1482 997 interdicti,
1521 957 1547 987 si
1583 965 1668 988 vero
1707 954 1769 987 alia
1807 953 1986 998 singularis
2014 962 2159 998 persona

296 1020 659 1051 excommunicacionis
698 1020 844 1050 incurrat
873 1019 1063 1050 sentencias
1093 1019 1164 1061 ipso
1194 1014 1294 1051 facto,
1334 1025 1408 1048 cum
1437 1018 1517 1048 satis
1546 1017 1598 1058 sit⁷
1629 1015 1715 1060 quod
1746 1013 2035 1048 cohabitacionem
2063 1012 2160 1046 blas-

295 1079 490 1125 phemorum
521 1077 642 1111 Christi
673 1080 835 1111 sustineat
864 1080 969 1123 pietas
998 1076 1191 1110 christiana.
1221 1075 1302 1110 Item
1333 1087 1407 1109 01101
1437 1087 1481 1109 ex
1508 1075 1713 1121 prelatorum
1743 1074 1900 1109 absencia
1927 1073 2161 1108 olomucensis

295 1140 438 1173 ecclesia
468 1138 608 1184 dampna
639 1138 777 1184 plurima
808 1140 839 1171 in
870 1137 1107 1183 temporalibus
1137 1141 1167 1170 et
1198 1135 1422 1182 spiritualibus
1451 1139 1624 1172 sustineat.
1654 1136 1808 1170 volumus
1838 1140 1870 1169 et
1890 1134 2097 1177 mandamus,
2126 1137 2161 1166 ut

296 1201 411 1246 prelati
441 1204 471 1233 et
515 1202 655 1233 ministri
693 1199 851 1241 ecclesie,
895 1201 949 1243 qui
986 1209 1030 1232 ex
1065 1201 1195 1232 statutis
1230 1197 1286 1231 vel
1323 1197 1565 1230 consuetudine
1601 1197 1641 1230 ad
1684 1196 1906 1230 residenciam
1948 1194 2161 1242 personalem

295 1265 455 1303 artantur.
498 1260 537 1293 ad
581 1271 655 1293 eam
697 1259 783 1293 infra
826 1263 955 1305 tempus
991 1261 1088 1292 trium
1126 1261 1288 1292 mensium
1327 1270 1363 1293 se
1403 1257 1590 1302 conferant,
1634 1260 1838 1291 contrarium
1876 1268 1960 1291 vero
1998 1255 2162 1290 facientes

296 1323 685 1355 excommunicacionum
725 1323 897 1354 incurrent
932 1322 1122 1353 sentencias
1161 1321 1232 1365 ipso
1277 1318 1375 1352 facto.
1432 1318 1515 1352 Item
1558 1321 1757 1363 requirimus
1796 1320 2002 1364 episcopum,
2045 1320 2079 1350 ut
2120 1316 2161 1349 ad

296 1384 456 1416 vicarium
486 1384 517 1415 in
547 1380 789 1427 pontificalibus
819 1383 1011 1426 prospiciatt
1048 1391 1089 1413 ne
1120 1379 1413 1426 depactacionibus
1443 1384 1563 1424 gravet
1603 1379 1768 1423 homines,
1806 1377 1961 1412 basilicas
1999 1376 2161 1411 ecclesias

297 1447 349 1475 aut
385 1442 498 1475 altaria
538 1441 768 1475 consecrando
807 1441 860 1474 vel
897 1441 968 1475 aliis
1008 1439 1152 1474 officium
1193 1451 1286 1473 suum
1324 1440 1518 1474 exercendo
1557 1451 1619 1473 nec
1649 1439 1768 1485 aliquid
1799 1442 1913 1484 exigat
1942 1448 2002 1484 pro
2032 1436 2161 1471 confir—

297 1505 447 1536 macione
478 1505 509 1536 10
540 1502 659 1536 fronte.
691 1503 771 1536 Item
803 1501 959 1546 dignetur
974 1504 1181 1548 prospicere.
1212 1501 1298 1546 quod
1328 1512 1388 1547 pro
1418 1501 1645 1534 intitulacione
1675 1499 1933 1534 ordinandorum
1964 1498 2009 1532 nil
2032 1500 2163 1544 penitus

298 1566 486 1608 recipiatur.
526 1574 599 1596 01101
629 1563 659 1596 id
690 1566 794 1609 sapiat
829 1565 1059 1609 symoniacam
1100 1564 1299 1607 pravitatem
1338 1566 1368 1594 et
1407 1565 1439 1595 in
1470 1561 1687 1595 exsolucione
1717 1561 1933 1595 formatarum
1963 1558 2097 1593 mandet
2125 1558 2174 1592 se‘

298 1624 538 1669 metropolitice
577 1623 721 1657 ecclesie
759 1623 973 1671 conformari.
1020 1622 1101 1656 Item
1140 1624 1340 1667 requirimus
1377 1626 1571 1669 episcopum
1611 1627 1641 1655 et
1678 1633 1849 1667 rogamus3
1888 1626 1921 1655 ut
1959 1629 2160 1654 consensum

297 1686 581 1729 permutacionum
617 1694 835 1730 personarum
875 1684 914 1717 ad
953 1683 1115 1717 beneficia
1154 1683 1215 1717 51111
1245 1688 1412 1726 reservet7
1444 1688 1476 1717 ut
1506 1695 1546 1717 eo
1577 1683 1741 1717 difficilius
1771 1687 1802 1716 et
1830 1685 1938 1716 rarius
1968 1686 2000 1715 et
2028 1683 2090 1715 nisi
2119 1690 2164 1713 ex

298 1747 389 1778 iustis
428 1747 536 1778 causis
566 1748 835 1790 permutaciones
865 1744 1053 1778 huiusmodi
1082 1743 1171 1787 fiant,
1206 1755 1280 1777 01101
1310 1746 1374 1777 5101
1402 1744 1591 1790 periculose
1622 1749 1651 1777 et
1682 1743 1921 1777 beneficiorum
1951 1742 2164 1776 ecclesiasti-

297 1816 410 1838 corum
441 1808 570 1850 penitus
600 1805 816 1839 destructive.
874 1805 955 1839 11001
986 1805 1158 1838 hortamur
1187 1805 1308 1838 dictum
1339 1807 1533 1851 episcopum
1563 1809 1594 1838 et
1623 1805 1790 1848 volumus,
1832 1809 1866 1837 111
1895 1805 2162 1850 compassionem

298 1865 419 1898 haheat
458 1866 496 1898 ad
533 1869 683 1911 captivos
718 1865 873 1900 habendo
910 1866 1058 1912 duplices
1097 1876 1266 1909 carceres,
1301 1870 1332 1899 ut
1362 1869 1489 1912 possint
1518 1877 1604 1912 pene
1634 1865 1826 1899 criminibus
1855 1866 2026 1909 coequari.
2082 1862 2164 1896 Item

298 1937 472 1959 monemus
502 1931 532 1959 et
562 1931 704 1960 attentos
734 1927 902 1961 reddimus
933 1938 1003 1970 eos.
1035 1930 1088 1972 qui
1119 1929 1314 1960 auctoritate
1344 1926 1510 1960 ordinaria
1541 1931 1596 1960 aut
1625 1937 1668 1960 ex
1697 1925 1916 1971 delegacione
1959 1925 2164 1958 visitacionis

298 1991 459 2020 exercent
502 1986 658 2021 officium.
702 1999 743 2021 ne
789 1988 895 2033 aliqua
944 1999 1082 2021 munera
1121 1989 1250 2033 capiant
1290 1991 1344 2020 aut
1390 1990 1458 2020 suis
1496 1986 1712 2020 familiaribus
1755 1989 1827 2032 capi
1874 1987 2064 2031 permittant
2108 1983 2164 2018 vel

298 2050 559 2092 procuraciones
598 2051 755 2093 recipiant
795 2051 1001 2082 visitacionis
1031 2048 1142 2082 officio
1171 2058 1237 2080 1100
1268 2049 1440 2092 1111110115ος
1476 2059 1550 2081 nam
1590 2052 1704 2081 contra
1744 2047 1826 2080 tales
1855 2056 1940 2092 pene
1970 2044 2164 2091 prodierunt

298 2110 500 2151 gravissime
525 2109 601 2151 jure
631 2119 733 2152 novo⁷
764 2120 825 2142 nee
846 2113 1050 2142 excusantur
1079 2119 1144 2154 quo
1174 2107 1212 2141 ad
1244 2107 1425 2143 familiares
1445 2111 1641 2154 ignorancIa
1671 2119 1797 2151 crassa,
1827 2110 1944 2153 supina
1973 2110 2028 2139 ant
2056 2107 2162 2139 eciam

299 2168 461 2201 affectata.
519 2167 598 2201 Item
630 2171 771 2214 repertis
802 2181 860 2215 per
892 2172 1098 2203 visitacionis
1128 2168 1273 2202 officium
1304 2172 1506 2213 criminosis,
1537 2168 1783 2202 concubinariis
1811 2167 1969 2201 videlicet
1997 2171 2052 2200 aut
2080 2166 2164 2200 alias

301 2228 474 2262 sceleratis
512 2240 576 2262 non
613 2232 800 2274 permittant
840 2241 898 2263 eos
936 2233 1076 2275 pecunia
1115 2230 1244 2273 redimi,
1284 2241 1356 2264 cum
1397 2241 1441 2264 ex
1477 2230 1542 2264 hoc
1571 2234 1701 2264 crescat
1735 2229 1937 2275 prelatorum
1967 2227 2103 2261 infamia
2132 2230 2166 2261 et

299 2300 399 2322 ausus
428 2288 466 2322 ad
499 2289 768 2322 committendum
800 2293 937 2323 crimina
968 2290 1184 2334 concedatur,
1215 2291 1273 2324 sed
1304 2293 1480 2336 puniantur
1508 2293 1602 2337 penis
1641 2292 1870 2336 suspensionis
1908 2288 1948 2322 ab
1986 2287 2098 2322 officio
2133 2291 2165 2321 et

300 2348 463 2382 beneficio
501 2354 531 2382 et
571 2349 763 2383 carceribus
802 2353 891 2383 iuxta
930 2354 1110 2385 canonicas
1147 2354 1359 2394 sanceiones,
1402 2354 1604 2385 contrarium
1644 2362 1727 2384 vcro
1764 2350 1938 2394 facientes,
1981 2351 2041 2382 11151
2079 2347 2165 2381 infra

300 2420 448 2443 mensem
478 2409 680 2455 pauperibus
710 2414 957 2454 errogaverint.
988 2412 1073 2457 quod
1103 2416 1318 2458 receperunt.
1349 2414 1713 2446 excommunicacionis
1735 2414 1798 2445 sint
1818 2414 1891 2457 ipso
1911 2410 2000 2444 facto
2021 2413 2165 2444 senten—

300 2472 359 2503 ciis
388 2473 517 2504 irretiti.
548 2469 628 2504 Item
660 2470 853 2504 mandamus
884 2475 1053 2506 canonicis
1084 2476 1115 2505 et
1144 2472 1215 2506 aliis
1245 2472 1377 2506 clericis
1407 2472 1551 2506 ecclesie
1580 2471 1741 2518 predicte,
1772 2476 1805 2505 ut
1836 2473 1946 2505 vinum
1972 2481 2030 2505 seu
2050 2473 2164 2516 potum

300 2541 543 2576 quemcumque
573 2531 671 2564 alium
702 2542 766 2564 non
795 2534 982 2577 propinent.
1005 2533 1149 2578 alioquin
1170 2535 1562 2566 excommunicacionum
1583 2535 1773 2567 sentencias
1793 2535 1948 2578 poterunt
1968 2529 2160 2564 formidare.

300 2590 381 2623 Item
421 2602 594 2624 monemus
633 2591 787 2634 clericos,
827 2596 988 2636 quatenus
1026 2597 1141 2626 contra
1181 2593 1327 2639 prelatos
1366 2604 1527 2627 excessus
1567 2604 1683 2626 eorum
1713 2594 1887 2637 corrigere
1917 2590 2070 2625 volentes
2099 2601 2166 2624 non

301 2655 433 2684 utantur
471 2651 593 2684 auxilio
630 2651 755 2685 brachii
795 2652 967 2687 5001110115.
1007 2653 1160 2687 volentes
1199 2658 1244 2690 ut.
1284 2657 1337 2699 qui
1376 2658 1491 2688 contra
1531 2653 1660 2695 fecerit,
1692 2655 1880 2687 monicione
1910 2654 2005 2686 trium
2036 2651 2164 2685 dierum
