2313 3090
1027 216 1095 250 231

1015 391 1124 426 241.

134 468 208 502 Der
244 468 378 513 Praqer
414 468 506 502 erzb.
547 468 688 512 Officia!
722 469 860 502 doleam]
900 469 989 503 Isbel
1015 469 1182 502 bestimmt
1221 470 1275 502 die
1309 470 1476 504 Termine.
1517 472 1549 503 in
1581 470 1729 504 ecelclzen
1761 471 1822 504 der
1852 471 1999 515 Pfarret·

135 541 197 563 con
231 529 315 573 Unq.
338 528 438 564 Brod
466 530 521 563 die
552 530 625 562 dem
663 529 882 573 lys-elirader
906 531 1103 564 canonicus
1123 530 1303 563 Friedrich
1334 530 1510 574 sclculdigye
1531 530 1667 565 Summe
1690 543 1730 565 ἔα
1752 531 1872 565 z-alzlen
1896 532 1996 565 habe.

856 590 910 624 Dt.
943 591 1000 624 26.
1038 591 1135 624 ilarz-
1166 589 1276 624 1395.

287 666 514 720 Constitutus
531 686 755 732 personaliter
771 690 801 720 in
819 686 925 731 figura
942 687 1058 731 judicii
1076 697 1190 720 coram
1208 685 1303 720 nobis
1324 685 1478 720 Johanne
1498 687 1596 721 Kbel.
1613 688 1825 722 decretorum
1849 688 1999 722 doctore.

132 746 266 781 officiali
295 746 393 791 Prag.
425 751 455 780 et
485 750 568 780 actis
597 749 720 780 nostris
749 746 958 792 obligatoriis
987 747 1140 780 dominus
1171 745 1351 791 Georgius.
1382 747 1542 792 plebanus
1573 749 1716 782 ecclesie
1747 752 1777 782 in
1804 748 1998 794 Ungaricali

131 807 242 841 Broda
279 807 514 842 Olomucensis
552 808 708 842 diocesis.
748 808 924 841 confessus
963 813 1011 842 est
1051 813 1083 841 et
1119 811 1332 852 recognovit.
1376 819 1413 841 se
1453 812 1558 842 teneri
1597 814 1626 842 et
1667 809 1829 844 debitorie
1859 809 1999 847 obligari

130 871 268 903 racione
298 880 407 902 annue
437 871 606 914 pensionis
622 872 753 902 retente
783 872 814 902 in
835 871 953 913 viginti
984 873 1059 902 octo
1080 871 1202 902 marcis
1222 879 1419 913 grossorum
1442 872 1669 914 pragensium.
1691 870 1816 903 inclusa
1838 875 2000 916 pensione

131 929 292 963 solvenda
322 940 382 975 pro
412 932 554 962 termino
583 940 610 962 s.
642 928 781 973 Georgii
811 933 965 974 proxime
994 932 1127 963 venturi
1156 928 1343 962 honorabili
1372 932 1446 963 viro
1477 930 1610 963 domino
1641 930 1805 965 Fridrico.
1837 935 1999 966 canonico

131 990 276 1024 ecclesie
317 1001 344 1024 s.
387 989 475 1024 Petri
513 989 821 1034 IVissegradensis.
864 1001 945 1035 quas
987 990 1095 1023 eidem
1139 989 1275 1023 solvere
1312 993 1461 1035 promisit
1500 993 1531 1023 in
1576 994 1723 1024 terminis
1765 992 1998 1038 infrascriptis.

132 1051 287 1085 videlicet
315 1062 377 1085 sex
407 1062 538 1084 marcas
567 1053 599 1084 in
628 1051 845 1084 dedicacione
875 1051 1019 1084 ecclesie
1049 1050 1303 1093 Cremsirensis.
1334 1055 1410 1084 octo
1439 1062 1571 1085 marcas
1600 1055 1631 1085 in
1662 1052 1747 1086 festo
1768 1064 1795 1087 s,
1825 1053 1999 1087 Michaelis

129 1114 285 1158 proxime
323 1116 478 1151 venturo.
517 1111 769 1156 quatuordecim
808 1122 938 1145 marcas
968 1114 999 1144 in
1030 1111 1116 1144 festo
1147 1110 1323 1156 epiphanie
1353 1111 1486 1145 Domini
1516 1117 1591 1145 tunc
1622 1113 1800 1147 inmediate
1829 1119 1997 1148 secuturo.

131 1183 205 1207 cum
245 1177 372 1219 septem
411 1175 532 1206 mareis
570 1175 707 1206 racione
746 1172 933 1206 huiusmodi
963 1175 1144 1218 pensionis.
1180 1183 1261 1216 quas
1291 1175 1322 1205 in
1352 1172 1438 1206 festo
1468 1184 1494 1206 s,
1523 1173 1659 1207 Martini
1689 1174 1824 1208 solvere
1854 1179 1998 1209 tenetur.

131 1233 191 1267 sub
220 1245 305 1280 pena
335 1235 568 1267 reintrusionis
598 1236 628 1266 in
659 1235 814 1278 pristinas
844 1236 1045 1275 sentencias,
1077 1232 1232 1266 videlicet
1262 1236 1468 1266 cessat-ionis
1498 1234 1696 1267 divinorum.
1736 1234 1860 1269 Ibidem
1892 1240 1997 1270 eciam

130 1295 298 1341 predictus
337 1294 489 1328 dominus
525 1293 694 1338 Georgius
731 1293 892 1340 plebanus
931 1296 1081 1339 promisit
1118 1304 1245 1339 ponere
1283 1292 1402 1327 bonan]
1442 1298 1474 1327 et
1502 1293 1723 1328 sufficientem
1754 1294 1997 1330 fideiussoriam

130 1358 325 1390 caucionem
354 1366 496 1389 unacum
527 1355 661 1388 domino
692 1354 816 1388 Leone.
847 1355 922 1388 olim
954 1358 1162 1388 conventore
1191 1353 1356 1387 fructuum
1387 1355 1533 1388 ecclesie
1562 1366 1633 1389 sue.
1665 1367 1778 1389 coram
1809 1356 1996 1391 honorabili

130 1419 203 1451 viro
241 1417 376 1450 domino
411 1415 577 1462 Rapotha.
618 1419 781 1449 canonico
818 1416 962 1449 ecclesie
993 1414 1245 1449 CremsirensiS.
1284 1426 1344 1460 pro
1382 1418 1532 1460 pecuniis
1572 1416 1730 1461 predictis
1764 1418 1998 1462 persolvendis

130 1478 263 1511 domino
292 1477 445 1511 Fridrico
484 1480 646 1510 canonico
685 1478 836 1522 predicto
866 1475 972 1510 XIIII.
1012 1475 1127 1510 diebus
1157 1480 1230 1521 post
1265 1476 1384 1509 festum
1415 1476 1544 1510 Pasche
1573 1481 1727 1522 proxime
1758 1482 1908 1512 venturis
1938 1479 1998 1513 suh

130 1541 224 1584 penis
261 1538 420 1584 predictis
458 1542 489 1572 et
526 1548 612 1583 pena
650 1538 766 1571 decem
797 1548 997 1579 marcarum.
1037 1536 1249 1570 medietatem
1287 1537 1374 1570 dicto
1414 1537 1548 1570 domino
1579 1537 1730 1571 Fridrico
1772 1543 1936 1573 canonico
1966 1545 1996 1573 et

129 1599 226 1633 aliam
265 1599 478 1632 medietatem
516 1609 576 1644 pro
615 1601 715 1632 missa
752 1597 850 1631 beate
887 1597 994 1631 Marie
1023 1596 1173 1641 Virginis
1211 1600 1242 1630 in
1286 1598 1430 1632 ecclesia
1470 1609 1496 1632 s.
1527 1597 1656 1631 Nicolai
1687 1603 1824 1634 minoris
1854 1603 1998 1635 civitatis

131 1659 321 1705 Pragensis.
378 1659 504 1693 Ibidem
543 1662 650 1692 eciam
686 1659 846 1704 providus
885 1661 936 1691 vir
974 1661 1135 1702 magister
1171 1658 1346 1692 Conradus
1384 1659 1424 1693 de
1458 1659 1599 1694 Braclis.
1638 1666 1837 1705 procurator
1875 1661 1996 1695 domini

132 1720 274 1754 Fridrici
302 1720 454 1766 predicti.
494 1723 665 1754 consensit
702 1719 742 1752 de
772 1718 989 1752 absolucione
1019 1718 1182 1752 dictorum
1213 1717 1353 1764 Georgii
1383 1724 1415 1753 et
1442 1719 1564 1754 Leonis
1594 1720 1654 1754 sub
1684 1721 1937 1756 condicionibus
1967 1727 1997 1755 et

73 1822 79 1829 ι
129 1783 223 1827 penis
260 1781 430 1827 predictis.
486 1781 574 1814 Acta
611 1784 686 1814 sunt
724 1779 787 1813 hec
823 1790 910 1813 anno
951 1779 1083 1813 Domini
1120 1777 1455 1814 MOCCCLXXXXV
1493 1780 1545 1814 die
1575 1780 1689 1814 XXVI
1729 1785 1851 1815 mensis
1881 1781 1997 1816 Marcii

129 1841 339 1888 presentibus
382 1844 542 1886 magistro
582 1840 732 1885 Georgio
775 1841 816 1874 de
854 1840 941 1874 Bora
986 1840 1172 1883 licenciam.
1217 1839 1314 1873 Petro
1353 1841 1393 1874 de
1433 1841 1560 1874 Sderaz
1599 1842 1777 1877 advocato.
1818 1842 1926 1876 Frana
1957 1843 1997 1876 dc

130 1902 345 1949 Sobyeslavv,
374 1905 506 1936 notario
535 1906 699 1943 aetorum.
729 1901 867 1935 Andrea
898 1901 938 1933 de
969 1900 1160 1946 Lompnicz.
1192 1899 1352 1946 Chalupa.
1383 1905 1520 1935 notariis
1550 1902 1700 1947 publicis.

439 2033 512 2067 (Aue
537 2033 600 2058 dem
626 2032 712 2058 Liber
737 2032 944 2066 obligationum
972 2032 1009 2058 II.
1041 2032 1085 2060 12,
1117 2031 1137 2056 f.
1163 2032 1201 2055 5¹)
1227 2032 1262 2057 im
1290 2033 1396 2064 Prager
1426 2033 1549 2067 Μαι-«ψ.
1574 2033 1838 2067 (Ἲ;ιρῐῐσ;1>Αι·(-ὶιὶγθ.
1867 2050 1901 2053 ἡ
1930 2035 1995 2067 Ygl.

335 2085 416 2112 Balb.
441 2085 513 2112 Dec.
540 2085 561 2112 1.
586 2086 605 2115 l,
634 2085 660 2110 5.
686 2094 711 2119 p.
738 2084 823 2117 254.)

1005 2281 1113 2318 2⁴2.

130 2361 235 2396 Pabst
272 2361 423 2406 Bonisaz-
458 2361 522 2394 IX.
559 2361 631 2405 yibt
669 2361 740 2394 dem
779 2359 1053 2394 Nonuenkloster
1092 2361 1123 2392 in
1155 2359 1324 2394 Pastimes-
1364 2362 1427 2395 dns
1459 2362 1579 2396 lice-ld.
1619 2364 1680 2395 den
1721 2362 1822 2396 l‘e'car
1852 2363 1907 2395 bei
1935 2364 1995 2397 dm·

423 2422 578 2465 dortiyen
613 2420 836 2466 Psarrke'rclee
868 2432 907 2453 zu
937 2432 1121 2454 eruenneu.
1157 2419 1215 2454 Dt.
1248 2421 1333 2455 Rom
1364 2422 1423 2456 29.
1459 2423 1557 2456 ,llarz
1592 2423 1697 2456 1395.

285 2498 497 2551 Bonifacius
533 2519 709 2562 episcopus
745 2527 866 2550 servus
904 2527 1080 2549 servorum
1124 2516 1175 2549 dei
1214 2516 1341 2551 dilectis
1371 2521 1401 2551 iu
1432 2519 1565 2551 Christo
1597 2519 1723 2552 tiliahus
1767 2519 1933 2553 abbatisse
1963 2525 1991 2553 et

127 2582 307 2613 conventui
347 2581 538 2611 monasterii
577 2580 608 2610 in
646 2577 793 2610 Puszmir
831 2577 956 2610 ordinis
997 2579 1101 2609 sancti
1133 2576 1315 2612 Benedicti.
1356 2580 1589 2613 (uoumccnsts
1620 2581 1763 2613 diocesis
1793 2581 1931 2614 salutem
1963 2586 1992 2614 et

127 2639 342 2685 apostolicam
383 2638 669 2672 benediccionem.
718 2637 824 2671 Sacre
854 2641 967 2669 vestre
999 2637 1183 2681 religionis.
1213 2638 1273 2671 sub
1303 2650 1365 2683 qua
1397 2640 1553 2673 devotum
1585 2646 1614 2673 ct
1645 2640 1795 2674 sedulum
1826 2641 1992 2674 exhibetis

127 2700 260 2734 domino
296 2700 502 2733 famulatum.
543 2703 754 2744 promeretur
792 2698 961 2732 honestas.
1003 2702 1033 2730 ut
1073 2701 1159 2731 votis
1199 2702 1332 2733 vestris.
1373 2700 1433 2733 illis
1464 2704 1650 2745 presertim.
1692 2712 1755 2745 que
1785 2706 1931 2735 vestram
1963 2707 1993 2735 ct
