<?xml version="1.0" encoding="UTF-8"?>
<!DOCTYPE html PUBLIC "-//W3C//DTD XHTML 1.0 Transitional//EN"
    "http://www.w3.org/TR/xhtml1/DTD/xhtml1-transitional.dtd">
<html xmlns="http://www.w3.org/1999/xhtml" xml:lang="en" lang="en">
 <head>
  <title>
</title>
<meta http-equiv="Content-Type" content="text/html;charset=utf-8" />
  <meta name='ocr-system' content='tesseract 3.04.00' />
  <meta name='ocr-capabilities' content='ocr_page ocr_carea ocr_par ocr_line ocrx_word'/>
</head>
<body>
  <div class='ocr_page' id='page_1' title='image "./codexdiplomaticu12morauoft_0251.png"; bbox 0 0 2313 3090; ppageno 0'>
   <div class='ocr_carea' id='block_1_1' title="bbox 1050 197 1123 232">
    <p class='ocr_par' dir='ltr' id='par_1_1' title="bbox 1050 197 1123 232">
     <span class='ocr_line' id='line_1_1' title="bbox 1050 197 1071 232; textangle 90"><span class='ocrx_word' id='word_1_1' title='bbox 1050 197 1071 232; x_wconf 61' lang='grc' dir='ltr'>δύ</span> 
     </span>
     <span class='ocr_line' id='line_1_2' title="bbox 1077 198 1097 231; textangle 90"><span class='ocrx_word' id='word_1_2' title='bbox 1077 198 1097 231; x_wconf 64' lang='lat'>0³</span> 
     </span>
     <span class='ocr_line' id='line_1_3' title="bbox 1103 199 1123 231; textangle 90"><span class='ocrx_word' id='word_1_3' title='bbox 1103 208 1123 231; x_wconf 59' lang='grc' dir='ltr'>,υ</span> <span class='ocrx_word' id='word_1_4' title='bbox 1105 199 1118 204; x_wconf 62' lang='lat' dir='ltr'>q</span> 
     </span>
    </p>
   </div>
   <div class='ocr_carea' id='block_1_2' title="bbox 987 247 1190 254">
    <p class='ocr_par' dir='ltr' id='par_1_2' title="bbox 987 247 1190 254">
     <span class='ocr_line' id='line_1_4' title="bbox 987 247 1190 254; baseline 0 0"><span class='ocrx_word' id='word_1_5' title='bbox 987 247 1190 254; x_wconf 95' lang='lat' dir='ltr'> </span> 
     </span>
    </p>
   </div>
   <div class='ocr_carea' id='block_1_3' title="bbox 1034 380 1142 416">
    <p class='ocr_par' dir='ltr' id='par_1_3' title="bbox 1034 380 1142 416">
     <span class='ocr_line' id='line_1_5' title="bbox 1034 380 1142 416; baseline 0 0"><span class='ocrx_word' id='word_1_6' title='bbox 1034 380 1142 416; x_wconf 74' lang='lat'>246.</span> 
     </span>
    </p>
   </div>
   <div class='ocr_carea' id='block_1_4' title="bbox 150 456 2021 686">
    <p class='ocr_par' dir='ltr' id='par_1_4' title="bbox 150 456 2021 686">
     <span class='ocr_line' id='line_1_6' title="bbox 150 456 2021 504; baseline -0.002 -11"><span class='ocrx_word' id='word_1_7' title='bbox 150 458 261 493; x_wconf 82' lang='lat' dir='ltr'>Pabst</span> <span class='ocrx_word' id='word_1_8' title='bbox 290 459 443 504; x_wconf 77' lang='lat' dir='ltr'>Bouifaz-</span> <span class='ocrx_word' id='word_1_9' title='bbox 475 459 538 494; x_wconf 87' lang='lat' dir='ltr'>IX.</span> <span class='ocrx_word' id='word_1_10' title='bbox 569 459 706 504; x_wconf 77' lang='lat' dir='ltr'>hefiehll</span> <span class='ocrx_word' id='word_1_11' title='bbox 736 461 806 493; x_wconf 81' lang='lat' dir='ltr'>dem</span> <span class='ocrx_word' id='word_1_12' title='bbox 839 458 1067 493; x_wconf 74' lang='lat' dir='ltr'>Schottenabt</span> <span class='ocrx_word' id='word_1_13' title='bbox 1096 460 1127 491; x_wconf 76' lang='lat' dir='ltr'>in</span> <span class='ocrx_word' id='word_1_14' title='bbox 1165 456 1263 492; x_wconf 63' lang='lat' dir='ltr'>l‘Vien</span> <span class='ocrx_word' id='word_1_15' title='bbox 1296 459 1363 491; x_wconf 61' lang='lat' dir='ltr'>‘md</span> <span class='ocrx_word' id='word_1_16' title='bbox 1391 458 1454 491; x_wconf 72' lang='lat' dir='ltr'>(len</span> <span class='ocrx_word' id='word_1_17' title='bbox 1487 457 1689 491; x_wconf 66' lang='lat' dir='ltr'>Deeleanten</span> <span class='ocrx_word' id='word_1_18' title='bbox 1712 457 1772 490; x_wconf 80' lang='lat' dir='ltr'>der</span> <span class='ocrx_word' id='word_1_19' title='bbox 1794 456 1928 500; x_wconf 69' lang='lat' dir='ltr'>Praqer</span> <span class='ocrx_word' id='word_1_20' title='bbox 1954 457 2021 489; x_wconf 77' lang='lat' dir='ltr'>und</span> 
     </span>
     <span class='ocr_line' id='line_1_7' title="bbox 150 517 2018 562; baseline -0.002 -9"><span class='ocrx_word' id='word_1_21' title='bbox 150 519 330 554; x_wconf 77' lang='lat' dir='ltr'>Passaner</span> <span class='ocrx_word' id='word_1_22' title='bbox 359 520 500 554; x_wconf 75' lang='lat' dir='ltr'>Kirclee.</span> <span class='ocrx_word' id='word_1_23' title='bbox 531 521 612 554; x_wconf 78' lang='lat' dir='ltr'>dass</span> <span class='ocrx_word' id='word_1_24' title='bbox 648 522 700 554; x_wconf 78' lang='lat' dir='ltr'>sie</span> <span class='ocrx_word' id='word_1_25' title='bbox 733 521 788 554; x_wconf 77' lang='lat' dir='ltr'>die</span> <span class='ocrx_word' id='word_1_26' title='bbox 829 520 1078 554; x_wconf 76' lang='lat' dir='ltr'>Gewaltlha&#39;ter</span> <span class='ocrx_word' id='word_1_27' title='bbox 1115 520 1173 553; x_wconf 82' lang='lat' dir='ltr'>des</span> <span class='ocrx_word' id='word_1_28' title='bbox 1210 518 1265 552; x_wconf 71' lang='lat' dir='ltr'>lsl.</span> <span class='ocrx_word' id='word_1_29' title='bbox 1306 518 1424 551; x_wconf 68' lang='lat' dir='ltr'>Brut-h·</span> <span class='ocrx_word' id='word_1_30' title='bbox 1459 518 1545 552; x_wconf 68' lang='lat' dir='ltr'>nacla</span> <span class='ocrx_word' id='word_1_31' title='bbox 1579 519 1805 562; x_wconf 69' lang='lat' dir='ltr'>rorys&#39;iuyz&#39;qer</span> <span class='ocrx_word' id='word_1_32' title='bbox 1844 517 2018 561; x_wconf 60' lang='lat' dir='ltr'>illalmemy</span> 
     </span>
     <span class='ocr_line' id='line_1_8' title="bbox 212 577 1953 623; baseline -0.002 -9"><span class='ocrx_word' id='word_1_33' title='bbox 212 583 545 615; x_wconf 60' lang='grc' dir='ltr'>8110031111ηηίοί01οη</span> <span class='ocrx_word' id='word_1_34' title='bbox 578 582 644 614; x_wconf 76' lang='lat' dir='ltr'>med</span> <span class='ocrx_word' id='word_1_35' title='bbox 672 581 787 615; x_wconf 67' lang='lat' dir='ltr'>belial!</span> <span class='ocrx_word' id='word_1_36' title='bbox 817 582 870 615; x_wconf 77' lang='lat' dir='ltr'>die</span> <span class='ocrx_word' id='word_1_37' title='bbox 900 581 1115 615; x_wconf 71' lang='lat' dir='ltr'>Rela.1÷atz·0u</span> <span class='ocrx_word' id='word_1_38' title='bbox 1147 579 1216 614; x_wconf 74' lang='lat' dir='ltr'>sich</span> <span class='ocrx_word' id='word_1_39' title='bbox 1248 580 1316 612; x_wconf 78' lang='lat' dir='ltr'>emd</span> <span class='ocrx_word' id='word_1_40' title='bbox 1344 580 1414 612; x_wconf 72' lang='lat' dir='ltr'>dem</span> <span class='ocrx_word' id='word_1_41' title='bbox 1446 578 1699 623; x_wconf 72' lang='lat' dir='ltr'>apostoliscleeu</span> <span class='ocrx_word' id='word_1_42' title='bbox 1731 577 1852 612; x_wconf 79' lang='lat' dir='ltr'>Stnhle</span> <span class='ocrx_word' id='word_1_43' title='bbox 1883 589 1953 611; x_wconf 74' lang='lat' dir='ltr'>ror.</span> 
     </span>
     <span class='ocr_line' id='line_1_9' title="bbox 822 639 1337 686; baseline -0.002 -11"><span class='ocrx_word' id='word_1_44' title='bbox 822 642 880 675; x_wconf 82' lang='lat' dir='ltr'>Dt.</span> <span class='ocrx_word' id='word_1_45' title='bbox 913 642 999 676; x_wconf 81' lang='lat' dir='ltr'>Rom</span> <span class='ocrx_word' id='word_1_46' title='bbox 1029 643 1062 675; x_wconf 85' lang='lat'>5.</span> <span class='ocrx_word' id='word_1_47' title='bbox 1094 640 1199 686; x_wconf 76' lang='lat' dir='ltr'>April</span> <span class='ocrx_word' id='word_1_48' title='bbox 1228 639 1337 674; x_wconf 78' lang='lat'>1395.</span> 
     </span>
    </p>
   </div>
   <div class='ocr_carea' id='block_1_5' title="bbox 135 718 2017 2666">
    <p class='ocr_par' dir='ltr' id='par_1_5' title="bbox 135 718 2017 2666">
     <span class='ocr_line' id='line_1_10' title="bbox 308 718 2016 783; baseline -0.001 -13"><span class='ocrx_word' id='word_1_49' title='bbox 308 718 520 771; x_wconf 75' lang='lat' dir='ltr'>Bonifacius</span> <span class='ocrx_word' id='word_1_50' title='bbox 559 741 737 783; x_wconf 86' lang='lat' dir='ltr'>episcopus</span> <span class='ocrx_word' id='word_1_51' title='bbox 773 749 893 771; x_wconf 73' lang='lat' dir='ltr'>servus</span> <span class='ocrx_word' id='word_1_52' title='bbox 923 748 1099 771; x_wconf 77' lang='lat' dir='ltr'>servorum</span> <span class='ocrx_word' id='word_1_53' title='bbox 1131 737 1184 770; x_wconf 89' lang='lat' dir='ltr'>dei</span> <span class='ocrx_word' id='word_1_54' title='bbox 1214 736 1343 770; x_wconf 86' lang='lat' dir='ltr'>dilectis</span> <span class='ocrx_word' id='word_1_55' title='bbox 1372 736 1445 769; x_wconf 85' lang='lat' dir='ltr'>filiis</span> <span class='ocrx_word' id='word_1_56' title='bbox 1475 735 1583 769; x_wconf 90' lang='lat' dir='ltr'>abbati</span> <span class='ocrx_word' id='word_1_57' title='bbox 1612 739 1807 770; x_wconf 86' lang='lat' dir='ltr'>monasterii</span> <span class='ocrx_word' id='word_1_58' title='bbox 1837 735 2016 770; x_wconf 79' lang='lat' dir='ltr'>Scotorum</span> 
     </span>
     <span class='ocr_line' id='line_1_11' title="bbox 147 796 2015 843; baseline -0.001 -11"><span class='ocrx_word' id='word_1_59' title='bbox 147 797 405 832; x_wconf 88' lang='lat' dir='ltr'>Wiennensium</span> <span class='ocrx_word' id='word_1_60' title='bbox 435 799 645 832; x_wconf 73' lang='lat' dir='ltr'>Pataviensis</span> <span class='ocrx_word' id='word_1_61' title='bbox 675 799 820 832; x_wconf 85' lang='lat' dir='ltr'>diocesis</span> <span class='ocrx_word' id='word_1_62' title='bbox 851 804 880 832; x_wconf 94' lang='lat' dir='ltr'>et</span> <span class='ocrx_word' id='word_1_63' title='bbox 911 798 1090 843; x_wconf 72' lang='lat' dir='ltr'>Pragensis</span> <span class='ocrx_word' id='word_1_64' title='bbox 1124 808 1163 831; x_wconf 88' lang='lat' dir='ltr'>ac</span> <span class='ocrx_word' id='word_1_65' title='bbox 1201 796 1410 831; x_wconf 79' lang='lat' dir='ltr'>Pataviensis</span> <span class='ocrx_word' id='word_1_66' title='bbox 1445 797 1665 831; x_wconf 85' lang='lat' dir='ltr'>ecclesiarum</span> <span class='ocrx_word' id='word_1_67' title='bbox 1704 798 1839 831; x_wconf 87' lang='lat' dir='ltr'>decanis</span> <span class='ocrx_word' id='word_1_68' title='bbox 1875 797 2015 830; x_wconf 87' lang='lat' dir='ltr'>salutem</span> 
     </span>
     <span class='ocr_line' id='line_1_12' title="bbox 149 859 2017 905; baseline -0.001 -13"><span class='ocrx_word' id='word_1_69' title='bbox 149 862 181 892; x_wconf 86' lang='lat' dir='ltr'>et-</span> <span class='ocrx_word' id='word_1_70' title='bbox 209 859 427 905; x_wconf 86' lang='lat' dir='ltr'>apostolicam</span> <span class='ocrx_word' id='word_1_71' title='bbox 457 859 748 894; x_wconf 73' lang='lat' dir='ltr'>benediccionem.</span> <span class='ocrx_word' id='word_1_72' title='bbox 780 860 830 893; x_wconf 80' lang='lat' dir='ltr'>Ad</span> <span class='ocrx_word' id='word_1_73' title='bbox 861 859 1093 905; x_wconf 84' lang='lat' dir='ltr'>reprimendas</span> <span class='ocrx_word' id='word_1_74' title='bbox 1122 859 1324 892; x_wconf 68' lang='lat' dir='ltr'>insolencias</span> <span class='ocrx_word' id='word_1_75' title='bbox 1353 863 1642 903; x_wconf 60' lang='lat' dir='ltr'>transgressorum</span> <span class='ocrx_word' id='word_1_76' title='bbox 1675 863 1704 891; x_wconf 94' lang='lat' dir='ltr'>et</span> <span class='ocrx_word' id='word_1_77' title='bbox 1727 861 2017 895; x_wconf 59' lang='lat' dir='ltr'>transgressiones</span> 
     </span>
     <span class='ocr_line' id='line_1_13' title="bbox 146 919 2015 966; baseline -0.001 -13"><span class='ocrx_word' id='word_1_78' title='bbox 146 919 365 954; x_wconf 88' lang='lat' dir='ltr'>insolencium</span> <span class='ocrx_word' id='word_1_79' title='bbox 395 920 617 954; x_wconf 87' lang='lat' dir='ltr'>refrenandas</span> <span class='ocrx_word' id='word_1_80' title='bbox 647 924 674 954; x_wconf 89' lang='lat' dir='ltr'>si</span> <span class='ocrx_word' id='word_1_81' title='bbox 703 932 831 954; x_wconf 69' lang='lat' dir='ltr'>nervus</span> <span class='ocrx_word' id='word_1_82' title='bbox 860 920 992 966; x_wconf 87' lang='lat' dir='ltr'>publice</span> <span class='ocrx_word' id='word_1_83' title='bbox 1021 919 1195 965; x_wconf 83' lang='lat' dir='ltr'>discipline</span> <span class='ocrx_word' id='word_1_84' title='bbox 1225 920 1389 953; x_wconf 78' lang='lat' dir='ltr'>lentescit.</span> <span class='ocrx_word' id='word_1_85' title='bbox 1420 930 1535 952; x_wconf 89' lang='lat' dir='ltr'>eorum</span> <span class='ocrx_word' id='word_1_86' title='bbox 1566 919 1606 952; x_wconf 89' lang='lat' dir='ltr'>ad</span> <span class='ocrx_word' id='word_1_87' title='bbox 1628 919 1833 965; x_wconf 86' lang='lat' dir='ltr'>peccandum</span> <span class='ocrx_word' id='word_1_88' title='bbox 1860 919 2015 952; x_wconf 68' lang='lat' dir='ltr'>voluntas</span> 
     </span>
     <span class='ocr_line' id='line_1_14' title="bbox 146 979 2013 1027; baseline 0 -14"><span class='ocrx_word' id='word_1_89' title='bbox 146 979 181 1013; x_wconf 79' lang='lat' dir='ltr'>fit</span> <span class='ocrx_word' id='word_1_90' title='bbox 209 980 335 1026; x_wconf 87' lang='lat' dir='ltr'>lapsior</span> <span class='ocrx_word' id='word_1_91' title='bbox 364 985 395 1014; x_wconf 86' lang='lat' dir='ltr'>et</span> <span class='ocrx_word' id='word_1_92' title='bbox 425 981 614 1027; x_wconf 80' lang='lat' dir='ltr'>exemplum</span> <span class='ocrx_word' id='word_1_93' title='bbox 645 984 848 1027; x_wconf 82' lang='lat' dir='ltr'>impunitatis</span> <span class='ocrx_word' id='word_1_94' title='bbox 878 980 1025 1026; x_wconf 90' lang='lat' dir='ltr'>periculo</span> <span class='ocrx_word' id='word_1_95' title='bbox 1055 983 1123 1013; x_wconf 84' lang='lat' dir='ltr'>suis</span> <span class='ocrx_word' id='word_1_96' title='bbox 1152 984 1185 1014; x_wconf 92' lang='lat' dir='ltr'>in</span> <span class='ocrx_word' id='word_1_97' title='bbox 1215 980 1296 1013; x_wconf 88' lang='lat' dir='ltr'>alios</span> <span class='ocrx_word' id='word_1_98' title='bbox 1328 979 1501 1013; x_wconf 78' lang='lat' dir='ltr'>dirivatur.</span> <span class='ocrx_word' id='word_1_99' title='bbox 1532 984 1669 1025; x_wconf 87' lang='lat' dir='ltr'>propter</span> <span class='ocrx_word' id='word_1_100' title='bbox 1699 980 1783 1025; x_wconf 82' lang='lat' dir='ltr'>quod</span> <span class='ocrx_word' id='word_1_101' title='bbox 1823 980 1862 1013; x_wconf 87' lang='lat' dir='ltr'>ad</span> <span class='ocrx_word' id='word_1_102' title='bbox 1898 983 2013 1025; x_wconf 85' lang='lat' dir='ltr'>presi-</span> 
     </span>
     <span class='ocr_line' id='line_1_15' title="bbox 146 1040 2013 1087; baseline 0 -13"><span class='ocrx_word' id='word_1_103' title='bbox 146 1040 254 1074; x_wconf 89' lang='lat' dir='ltr'>dentis</span> <span class='ocrx_word' id='word_1_104' title='bbox 292 1041 437 1075; x_wconf 83' lang='lat' dir='ltr'>officium</span> <span class='ocrx_word' id='word_1_105' title='bbox 473 1045 617 1087; x_wconf 83' lang='lat' dir='ltr'>pertinet</span> <span class='ocrx_word' id='word_1_106' title='bbox 657 1045 704 1075; x_wconf 85' lang='lat' dir='ltr'>sic</span> <span class='ocrx_word' id='word_1_107' title='bbox 742 1041 885 1075; x_wconf 76' lang='lat' dir='ltr'>debitam</span> <span class='ocrx_word' id='word_1_108' title='bbox 925 1044 1165 1075; x_wconf 81' lang='lat' dir='ltr'>execucionem</span> <span class='ocrx_word' id='word_1_109' title='bbox 1207 1040 1366 1074; x_wconf 84' lang='lat' dir='ltr'>adhibere</span> <span class='ocrx_word' id='word_1_110' title='bbox 1402 1044 1542 1074; x_wconf 85' lang='lat' dir='ltr'>iusticie.</span> <span class='ocrx_word' id='word_1_111' title='bbox 1591 1041 1678 1086; x_wconf 86' lang='lat' dir='ltr'>quod</span> <span class='ocrx_word' id='word_1_112' title='bbox 1725 1044 1903 1074; x_wconf 83' lang='lat' dir='ltr'>commissa</span> <span class='ocrx_word' id='word_1_113' title='bbox 1951 1044 2013 1074; x_wconf 90' lang='lat' dir='ltr'>iam</span> 
     </span>
     <span class='ocr_line' id='line_1_16' title="bbox 147 1101 2013 1148; baseline 0 -14"><span class='ocrx_word' id='word_1_114' title='bbox 147 1103 286 1134; x_wconf 87' lang='lat' dir='ltr'>crimina</span> <span class='ocrx_word' id='word_1_115' title='bbox 307 1105 420 1147; x_wconf 88' lang='lat' dir='ltr'>puniat</span> <span class='ocrx_word' id='word_1_116' title='bbox 441 1106 471 1135; x_wconf 86' lang='lat' dir='ltr'>et</span> <span class='ocrx_word' id='word_1_117' title='bbox 493 1102 806 1136; x_wconf 86' lang='lat' dir='ltr'>committendorum</span> <span class='ocrx_word' id='word_1_118' title='bbox 831 1106 1046 1148; x_wconf 79' lang='lat' dir='ltr'>imposterum</span> <span class='ocrx_word' id='word_1_119' title='bbox 1065 1101 1237 1135; x_wconf 85' lang='lat' dir='ltr'>audaciam</span> <span class='ocrx_word' id='word_1_120' title='bbox 1260 1102 1445 1135; x_wconf 84' lang='lat' dir='ltr'>interdicat.</span> <span class='ocrx_word' id='word_1_121' title='bbox 1470 1101 1559 1135; x_wconf 86' lang='lat' dir='ltr'>Sane</span> <span class='ocrx_word' id='word_1_122' title='bbox 1575 1101 1795 1135; x_wconf 88' lang='lat' dir='ltr'>lamentabilis</span> <span class='ocrx_word' id='word_1_123' title='bbox 1817 1102 2013 1135; x_wconf 85' lang='lat' dir='ltr'>dilectorum</span> 
     </span>
     <span class='ocr_line' id='line_1_17' title="bbox 146 1161 2014 1208; baseline 0 -13"><span class='ocrx_word' id='word_1_124' title='bbox 146 1161 287 1195; x_wconf 89' lang='lat' dir='ltr'>filiorum</span> <span class='ocrx_word' id='word_1_125' title='bbox 305 1161 494 1197; x_wconf 87' lang='lat' dir='ltr'>Sdenconis</span> <span class='ocrx_word' id='word_1_126' title='bbox 524 1162 652 1196; x_wconf 85' lang='lat' dir='ltr'>abbatis</span> <span class='ocrx_word' id='word_1_127' title='bbox 682 1168 712 1196; x_wconf 91' lang='lat' dir='ltr'>et</span> <span class='ocrx_word' id='word_1_128' title='bbox 733 1168 921 1197; x_wconf 71' lang='lat' dir='ltr'>conventus</span> <span class='ocrx_word' id='word_1_129' title='bbox 951 1165 1143 1196; x_wconf 86' lang='lat' dir='ltr'>monasterii</span> <span class='ocrx_word' id='word_1_130' title='bbox 1164 1162 1324 1196; x_wconf 79' lang='lat' dir='ltr'>Lucensis</span> <span class='ocrx_word' id='word_1_131' title='bbox 1346 1173 1450 1208; x_wconf 85' lang='lat' dir='ltr'>prope</span> <span class='ocrx_word' id='word_1_132' title='bbox 1472 1161 1669 1208; x_wconf 66' lang='lat' dir='ltr'>Snoymam.</span> <span class='ocrx_word' id='word_1_133' title='bbox 1693 1162 2014 1196; x_wconf 73' lang='lat' dir='ltr'>Premonstratensis</span> 
     </span>
     <span class='ocr_line' id='line_1_18' title="bbox 146 1222 2014 1269; baseline 0.001 -14"><span class='ocrx_word' id='word_1_134' title='bbox 146 1222 286 1258; x_wconf 75' lang='lat' dir='ltr'>ordinis,</span> <span class='ocrx_word' id='word_1_135' title='bbox 327 1222 562 1257; x_wconf 80' lang='lat' dir='ltr'>Olomucensis</span> <span class='ocrx_word' id='word_1_136' title='bbox 599 1224 744 1257; x_wconf 86' lang='lat' dir='ltr'>diocesis</span> <span class='ocrx_word' id='word_1_137' title='bbox 782 1224 916 1269; x_wconf 91' lang='lat' dir='ltr'>querela</span> <span class='ocrx_word' id='word_1_138' title='bbox 956 1228 1104 1257; x_wconf 88' lang='lat' dir='ltr'>nostrum</span> <span class='ocrx_word' id='word_1_139' title='bbox 1141 1223 1336 1268; x_wconf 89' lang='lat' dir='ltr'>frequenter</span> <span class='ocrx_word' id='word_1_140' title='bbox 1381 1223 1525 1256; x_wconf 75' lang='lat' dir='ltr'>turbavit</span> <span class='ocrx_word' id='word_1_141' title='bbox 1555 1224 1713 1257; x_wconf 90' lang='lat' dir='ltr'>auditum.</span> <span class='ocrx_word' id='word_1_142' title='bbox 1744 1226 1939 1256; x_wconf 74' lang='lat' dir='ltr'>amaricavit</span> <span class='ocrx_word' id='word_1_143' title='bbox 1985 1228 2014 1256; x_wconf 90' lang='lat' dir='ltr'>et</span> 
     </span>
     <span class='ocr_line' id='line_1_19' title="bbox 143 1284 2015 1330; baseline 0 -13"><span class='ocrx_word' id='word_1_144' title='bbox 143 1288 302 1327; x_wconf 62' lang='lat' dir='ltr'>ment-em.</span> <span class='ocrx_word' id='word_1_145' title='bbox 333 1284 420 1329; x_wconf 90' lang='lat' dir='ltr'>quod</span> <span class='ocrx_word' id='word_1_146' title='bbox 451 1285 598 1318; x_wconf 83' lang='lat' dir='ltr'>nonnulli</span> <span class='ocrx_word' id='word_1_147' title='bbox 628 1287 808 1330; x_wconf 83' lang='lat' dir='ltr'>iniquitatis</span> <span class='ocrx_word' id='word_1_148' title='bbox 838 1284 904 1327; x_wconf 80' lang='lat' dir='ltr'>filii.</span> <span class='ocrx_word' id='word_1_149' title='bbox 935 1296 951 1317; x_wconf 90' lang='lat' dir='ltr'>a</span> <span class='ocrx_word' id='word_1_150' title='bbox 982 1295 1120 1329; x_wconf 91' lang='lat' dir='ltr'>quorum</span> <span class='ocrx_word' id='word_1_151' title='bbox 1152 1284 1257 1317; x_wconf 85' lang='lat' dir='ltr'>oculis</span> <span class='ocrx_word' id='word_1_152' title='bbox 1287 1284 1337 1317; x_wconf 92' lang='lat' dir='ltr'>dei</span> <span class='ocrx_word' id='word_1_153' title='bbox 1369 1287 1468 1318; x_wconf 90' lang='lat' dir='ltr'>timor</span> <span class='ocrx_word' id='word_1_154' title='bbox 1505 1284 1661 1320; x_wconf 84' lang='lat' dir='ltr'>abcessit.</span> <span class='ocrx_word' id='word_1_155' title='bbox 1702 1288 1731 1318; x_wconf 92' lang='lat' dir='ltr'>in</span> <span class='ocrx_word' id='word_1_156' title='bbox 1770 1284 1918 1330; x_wconf 84' lang='lat' dir='ltr'>partibus</span> <span class='ocrx_word' id='word_1_157' title='bbox 1954 1285 2015 1317; x_wconf 86' lang='lat' dir='ltr'>illis</span> 
     </span>
     <span class='ocr_line' id='line_1_20' title="bbox 142 1344 2014 1391; baseline -0.001 -13"><span class='ocrx_word' id='word_1_158' title='bbox 142 1349 299 1390; x_wconf 80' lang='lat' dir='ltr'>pretextu</span> <span class='ocrx_word' id='word_1_159' title='bbox 328 1356 541 1389; x_wconf 70' lang='lat' dir='ltr'>guerrarum.</span> <span class='ocrx_word' id='word_1_160' title='bbox 573 1344 692 1390; x_wconf 88' lang='grc'>1111111115</span> <span class='ocrx_word' id='word_1_161' title='bbox 722 1350 833 1391; x_wconf 86' lang='lat' dir='ltr'>partes</span> <span class='ocrx_word' id='word_1_162' title='bbox 863 1349 934 1391; x_wconf 86' lang='lat' dir='ltr'>ipse</span> <span class='ocrx_word' id='word_1_163' title='bbox 964 1345 1116 1379; x_wconf 85' lang='lat' dir='ltr'>dicuntur</span> <span class='ocrx_word' id='word_1_164' title='bbox 1146 1345 1369 1390; x_wconf 86' lang='lat' dir='ltr'>multipliciter</span> <span class='ocrx_word' id='word_1_165' title='bbox 1391 1345 1521 1389; x_wconf 64' lang='lat' dir='ltr'>fatigari</span> <span class='ocrx_word' id='word_1_166' title='bbox 1548 1349 1579 1377; x_wconf 88' lang='lat' dir='ltr'>et</span> <span class='ocrx_word' id='word_1_167' title='bbox 1600 1345 1680 1378; x_wconf 86' lang='lat' dir='ltr'>alias</span> <span class='ocrx_word' id='word_1_168' title='bbox 1702 1350 1829 1378; x_wconf 84' lang='lat' dir='ltr'>temere</span> <span class='ocrx_word' id='word_1_169' title='bbox 1850 1356 2014 1390; x_wconf 76' lang='lat' dir='ltr'>personas</span> 
     </span>
     <span class='ocr_line' id='line_1_21' title="bbox 142 1405 2014 1451; baseline 0 -12"><span class='ocrx_word' id='word_1_170' title='bbox 142 1405 392 1439; x_wconf 87' lang='lat' dir='ltr'>ecclesiasticas</span> <span class='ocrx_word' id='word_1_171' title='bbox 432 1409 539 1439; x_wconf 90' lang='lat' dir='ltr'>eciam</span> <span class='ocrx_word' id='word_1_172' title='bbox 577 1409 610 1439; x_wconf 92' lang='lat' dir='ltr'>in</span> <span class='ocrx_word' id='word_1_173' title='bbox 646 1406 870 1451; x_wconf 71' lang='lat' dir='ltr'>‹lignitacibus</span> <span class='ocrx_word' id='word_1_174' title='bbox 908 1409 1103 1440; x_wconf 86' lang='lat' dir='ltr'>constitutas</span> <span class='ocrx_word' id='word_1_175' title='bbox 1140 1410 1172 1439; x_wconf 85' lang='lat' dir='ltr'>et</span> <span class='ocrx_word' id='word_1_176' title='bbox 1209 1406 1290 1438; x_wconf 85' lang='lat' dir='ltr'>alias</span> <span class='ocrx_word' id='word_1_177' title='bbox 1327 1406 1505 1450; x_wconf 67' lang='lat' dir='ltr'>religiosas</span> <span class='ocrx_word' id='word_1_178' title='bbox 1544 1406 1620 1439; x_wconf 91' lang='lat' dir='ltr'>dicti</span> <span class='ocrx_word' id='word_1_179' title='bbox 1650 1409 1855 1440; x_wconf 87' lang='lat' dir='ltr'>monasterii.</span> <span class='ocrx_word' id='word_1_180' title='bbox 1886 1406 2014 1439; x_wconf 85' lang='lat' dir='ltr'>bellicis</span> 
     </span>
     <span class='ocr_line' id='line_1_22' title="bbox 142 1465 2014 1512; baseline 0.001 -13"><span class='ocrx_word' id='word_1_181' title='bbox 142 1465 271 1500; x_wconf 86' lang='lat' dir='ltr'>actibus</span> <span class='ocrx_word' id='word_1_182' title='bbox 308 1478 345 1500; x_wconf 85' lang='lat' dir='ltr'>se</span> <span class='ocrx_word' id='word_1_183' title='bbox 382 1469 515 1500; x_wconf 90' lang='lat' dir='ltr'>minime</span> <span class='ocrx_word' id='word_1_184' title='bbox 554 1470 792 1501; x_wconf 82' lang='lat' dir='ltr'>immiscentes.</span> <span class='ocrx_word' id='word_1_185' title='bbox 828 1478 895 1500; x_wconf 88' lang='lat' dir='ltr'>non</span> <span class='ocrx_word' id='word_1_186' title='bbox 934 1467 1060 1512; x_wconf 82' lang='lat' dir='ltr'>absque</span> <span class='ocrx_word' id='word_1_187' title='bbox 1099 1477 1254 1500; x_wconf 90' lang='lat' dir='ltr'>manuum</span> <span class='ocrx_word' id='word_1_188' title='bbox 1293 1469 1481 1500; x_wconf 90' lang='lat' dir='ltr'>inieccione</span> <span class='ocrx_word' id='word_1_189' title='bbox 1520 1467 1665 1500; x_wconf 76' lang='lat' dir='ltr'>violenta</span> <span class='ocrx_word' id='word_1_190' title='bbox 1696 1478 1828 1512; x_wconf 85' lang='lat' dir='ltr'>capere.</span> <span class='ocrx_word' id='word_1_191' title='bbox 1861 1466 2014 1500; x_wconf 85' lang='lat' dir='ltr'>detinere</span> 
     </span>
     <span class='ocr_line' id='line_1_23' title="bbox 142 1526 2014 1573; baseline 0.001 -13"><span class='ocrx_word' id='word_1_192' title='bbox 142 1526 337 1560; x_wconf 84' lang='lat' dir='ltr'>carceribus</span> <span class='ocrx_word' id='word_1_193' title='bbox 374 1531 579 1573; x_wconf 66' lang='lat' dir='ltr'>mancipare,</span> <span class='ocrx_word' id='word_1_194' title='bbox 620 1531 795 1561; x_wconf 86' lang='lat' dir='ltr'>tormentis</span> <span class='ocrx_word' id='word_1_195' title='bbox 832 1527 998 1561; x_wconf 82' lang='lat' dir='ltr'>subicere.</span> <span class='ocrx_word' id='word_1_196' title='bbox 1038 1527 1239 1561; x_wconf 78' lang='lat' dir='ltr'>verberibus</span> <span class='ocrx_word' id='word_1_197' title='bbox 1279 1527 1414 1561; x_wconf 90' lang='lat' dir='ltr'>cedere.</span> <span class='ocrx_word' id='word_1_198' title='bbox 1454 1527 1647 1561; x_wconf 72' lang='lat' dir='ltr'>vulnerare.</span> <span class='ocrx_word' id='word_1_199' title='bbox 1683 1531 1779 1561; x_wconf 86' lang='lat' dir='ltr'>morti</span> <span class='ocrx_word' id='word_1_200' title='bbox 1820 1528 1953 1561; x_wconf 83' lang='lat' dir='ltr'>tradere</span> <span class='ocrx_word' id='word_1_201' title='bbox 1984 1533 2014 1561; x_wconf 88' lang='lat' dir='ltr'>et</span> 
     </span>
     <span class='ocr_line' id='line_1_24' title="bbox 141 1587 2014 1634; baseline 0 -13"><span class='ocrx_word' id='word_1_202' title='bbox 141 1587 334 1621; x_wconf 86' lang='lat' dir='ltr'>crudelibus</span> <span class='ocrx_word' id='word_1_203' title='bbox 358 1587 600 1622; x_wconf 86' lang='lat' dir='ltr'>affliccionibus</span> <span class='ocrx_word' id='word_1_204' title='bbox 625 1589 664 1622; x_wconf 93' lang='lat' dir='ltr'>ad</span> <span class='ocrx_word' id='word_1_205' title='bbox 695 1588 952 1634; x_wconf 82' lang='lat' dir='ltr'>redempciones</span> <span class='ocrx_word' id='word_1_206' title='bbox 985 1587 1147 1621; x_wconf 85' lang='lat' dir='ltr'>indebitas</span> <span class='ocrx_word' id='word_1_207' title='bbox 1176 1588 1400 1634; x_wconf 85' lang='lat' dir='ltr'>personaliter</span> <span class='ocrx_word' id='word_1_208' title='bbox 1438 1587 1637 1622; x_wconf 83' lang='lat' dir='ltr'>cohercere.</span> <span class='ocrx_word' id='word_1_209' title='bbox 1667 1588 1857 1634; x_wconf 84' lang='lat' dir='ltr'>dictumque</span> <span class='ocrx_word' id='word_1_210' title='bbox 1888 1600 2014 1622; x_wconf 88' lang='lat' dir='ltr'>mona-</span> 
     </span>
     <span class='ocr_line' id='line_1_25' title="bbox 141 1649 2011 1695; baseline 0 -13"><span class='ocrx_word' id='word_1_211' title='bbox 141 1651 278 1682; x_wconf 85' lang='lat' dir='ltr'>sterium</span> <span class='ocrx_word' id='word_1_212' title='bbox 309 1652 340 1682; x_wconf 86' lang='lat' dir='ltr'>et</span> <span class='ocrx_word' id='word_1_213' title='bbox 369 1649 599 1694; x_wconf 79' lang='lat' dir='ltr'>parrochiales</span> <span class='ocrx_word' id='word_1_214' title='bbox 629 1649 791 1682; x_wconf 79' lang='lat' dir='ltr'>ecclesias</span> <span class='ocrx_word' id='word_1_215' title='bbox 828 1661 866 1681; x_wconf 86' lang='lat' dir='ltr'>ac</span> <span class='ocrx_word' id='word_1_216' title='bbox 903 1649 963 1682; x_wconf 87' lang='lat' dir='ltr'>alia</span> <span class='ocrx_word' id='word_1_217' title='bbox 995 1651 1046 1694; x_wconf 86' lang='lat' dir='ltr'>pia</span> <span class='ocrx_word' id='word_1_218' title='bbox 1083 1649 1154 1682; x_wconf 90' lang='lat' dir='ltr'>loca</span> <span class='ocrx_word' id='word_1_219' title='bbox 1185 1649 1352 1694; x_wconf 77' lang='lat' dir='ltr'>regularia</span> <span class='ocrx_word' id='word_1_220' title='bbox 1383 1661 1399 1681; x_wconf 90' lang='lat' dir='ltr'>a</span> <span class='ocrx_word' id='word_1_221' title='bbox 1431 1649 1518 1682; x_wconf 87' lang='lat' dir='ltr'>dicto</span> <span class='ocrx_word' id='word_1_222' title='bbox 1550 1652 1751 1683; x_wconf 85' lang='lat' dir='ltr'>monasterio</span> <span class='ocrx_word' id='word_1_223' title='bbox 1783 1650 2011 1695; x_wconf 64' lang='lat' dir='ltr'>dependent-ia</span> 
     </span>
     <span class='ocr_line' id='line_1_26' title="bbox 139 1708 2012 1755; baseline 0.001 -13"><span class='ocrx_word' id='word_1_224' title='bbox 139 1709 316 1752; x_wconf 65' lang='lat' dir='ltr'>invadere.</span> <span class='ocrx_word' id='word_1_225' title='bbox 346 1708 519 1754; x_wconf 81' lang='lat' dir='ltr'>frangere.</span> <span class='ocrx_word' id='word_1_226' title='bbox 550 1721 685 1755; x_wconf 73' lang='lat' dir='ltr'>capere.</span> <span class='ocrx_word' id='word_1_227' title='bbox 716 1720 883 1755; x_wconf 84' lang='lat' dir='ltr'>occupare</span> <span class='ocrx_word' id='word_1_228' title='bbox 913 1714 1074 1755; x_wconf 78' lang='lat' dir='ltr'>occupata</span> <span class='ocrx_word' id='word_1_229' title='bbox 1105 1710 1267 1743; x_wconf 87' lang='lat' dir='ltr'>detinere.</span> <span class='ocrx_word' id='word_1_230' title='bbox 1299 1710 1443 1743; x_wconf 86' lang='lat' dir='ltr'>diruere.</span> <span class='ocrx_word' id='word_1_231' title='bbox 1475 1715 1504 1743; x_wconf 91' lang='lat' dir='ltr'>et</span> <span class='ocrx_word' id='word_1_232' title='bbox 1535 1710 1688 1743; x_wconf 86' lang='lat' dir='ltr'>incendio</span> <span class='ocrx_word' id='word_1_233' title='bbox 1719 1722 1938 1744; x_wconf 87' lang='lat' dir='ltr'>concremare</span> <span class='ocrx_word' id='word_1_234' title='bbox 1974 1723 2012 1744; x_wconf 85' lang='lat' dir='ltr'>ac</span> 
     </span>
     <span class='ocr_line' id='line_1_27' title="bbox 140 1770 2010 1816; baseline 0.001 -13"><span class='ocrx_word' id='word_1_235' title='bbox 140 1773 390 1810; x_wconf 76' lang='lat' dir='ltr'>monasterium,</span> <span class='ocrx_word' id='word_1_236' title='bbox 431 1770 593 1804; x_wconf 85' lang='lat' dir='ltr'>ecclesias</span> <span class='ocrx_word' id='word_1_237' title='bbox 632 1781 671 1803; x_wconf 89' lang='lat' dir='ltr'>ac</span> <span class='ocrx_word' id='word_1_238' title='bbox 709 1770 780 1803; x_wconf 86' lang='lat' dir='ltr'>loca</span> <span class='ocrx_word' id='word_1_239' title='bbox 821 1774 911 1816; x_wconf 86' lang='lat' dir='ltr'>prius</span> <span class='ocrx_word' id='word_1_240' title='bbox 947 1771 1032 1803; x_wconf 87' lang='lat' dir='ltr'>dicta</span> <span class='ocrx_word' id='word_1_241' title='bbox 1070 1770 1171 1803; x_wconf 83' lang='lat' dir='ltr'>libris.</span> <span class='ocrx_word' id='word_1_242' title='bbox 1211 1770 1380 1804; x_wconf 74' lang='lat' dir='ltr'>calicibus.</span> <span class='ocrx_word' id='word_1_243' title='bbox 1412 1770 1578 1804; x_wconf 88' lang='lat' dir='ltr'>crucibus.</span> <span class='ocrx_word' id='word_1_244' title='bbox 1617 1776 1809 1804; x_wconf 82' lang='lat' dir='ltr'>sanctorum</span> <span class='ocrx_word' id='word_1_245' title='bbox 1850 1772 2010 1816; x_wconf 78' lang='lat' dir='ltr'>reliquiis.</span> 
     </span>
     <span class='ocr_line' id='line_1_28' title="bbox 139 1831 2010 1877; baseline 0.002 -14"><span class='ocrx_word' id='word_1_246' title='bbox 139 1833 345 1876; x_wconf 87' lang='lat' dir='ltr'>paramentis</span> <span class='ocrx_word' id='word_1_247' title='bbox 375 1835 405 1864; x_wconf 88' lang='lat' dir='ltr'>et</span> <span class='ocrx_word' id='word_1_248' title='bbox 435 1835 640 1865; x_wconf 84' lang='lat' dir='ltr'>ornamentis</span> <span class='ocrx_word' id='word_1_249' title='bbox 670 1832 741 1865; x_wconf 87' lang='lat' dir='ltr'>aliis</span> <span class='ocrx_word' id='word_1_250' title='bbox 771 1832 884 1865; x_wconf 72' lang='lat' dir='ltr'>divino</span> <span class='ocrx_word' id='word_1_251' title='bbox 915 1832 1013 1864; x_wconf 87' lang='lat' dir='ltr'>cultui</span> <span class='ocrx_word' id='word_1_252' title='bbox 1044 1836 1073 1863; x_wconf 86' lang='lat' dir='ltr'>et</span> <span class='ocrx_word' id='word_1_253' title='bbox 1113 1842 1186 1872; x_wconf 69' lang='lat' dir='ltr'>usui</span> <span class='ocrx_word' id='word_1_254' title='bbox 1219 1832 1382 1876; x_wconf 79' lang='lat' dir='ltr'>deputatis</span> <span class='ocrx_word' id='word_1_255' title='bbox 1412 1831 1556 1877; x_wconf 87' lang='lat' dir='ltr'>spoliare</span> <span class='ocrx_word' id='word_1_256' title='bbox 1593 1844 1631 1865; x_wconf 91' lang='lat' dir='ltr'>ac</span> <span class='ocrx_word' id='word_1_257' title='bbox 1671 1832 1857 1865; x_wconf 87' lang='lat' dir='ltr'>huiusmodi</span> <span class='ocrx_word' id='word_1_258' title='bbox 1896 1832 2010 1866; x_wconf 62' lang='lat' dir='ltr'>Idu-os.</span> 
     </span>
     <span class='ocr_line' id='line_1_29' title="bbox 139 1891 2010 1938; baseline 0.002 -14"><span class='ocrx_word' id='word_1_259' title='bbox 139 1891 275 1934; x_wconf 67' lang='lat' dir='ltr'>calices.</span> <span class='ocrx_word' id='word_1_260' title='bbox 306 1902 436 1924; x_wconf 82' lang='lat' dir='ltr'>cruces.</span> <span class='ocrx_word' id='word_1_261' title='bbox 468 1897 660 1926; x_wconf 84' lang='lat' dir='ltr'>sanctorum</span> <span class='ocrx_word' id='word_1_262' title='bbox 690 1893 859 1937; x_wconf 84' lang='lat' dir='ltr'>reliquias.</span> <span class='ocrx_word' id='word_1_263' title='bbox 890 1897 1084 1938; x_wconf 85' lang='lat' dir='ltr'>paramenta</span> <span class='ocrx_word' id='word_1_264' title='bbox 1115 1897 1147 1925; x_wconf 89' lang='lat' dir='ltr'>et</span> <span class='ocrx_word' id='word_1_265' title='bbox 1175 1897 1371 1926; x_wconf 87' lang='lat' dir='ltr'>ornamenta</span> <span class='ocrx_word' id='word_1_266' title='bbox 1402 1903 1482 1926; x_wconf 84' lang='lat' dir='ltr'>ausu</span> <span class='ocrx_word' id='word_1_267' title='bbox 1514 1893 1680 1937; x_wconf 65' lang='lat' dir='ltr'>sacrilego</span> <span class='ocrx_word' id='word_1_268' title='bbox 1711 1904 1840 1926; x_wconf 86' lang='lat' dir='ltr'>necnon</span> <span class='ocrx_word' id='word_1_269' title='bbox 1872 1894 2010 1927; x_wconf 71' lang='lat' dir='ltr'>fructus.</span> 
     </span>
     <span class='ocr_line' id='line_1_30' title="bbox 139 1951 2010 1999; baseline 0.001 -14"><span class='ocrx_word' id='word_1_270' title='bbox 139 1951 300 1986; x_wconf 87' lang='lat' dir='ltr'>redditus.</span> <span class='ocrx_word' id='word_1_271' title='bbox 330 1963 386 1985; x_wconf 86' lang='lat' dir='ltr'>res</span> <span class='ocrx_word' id='word_1_272' title='bbox 416 1957 447 1985; x_wconf 86' lang='lat' dir='ltr'>et</span> <span class='ocrx_word' id='word_1_273' title='bbox 477 1952 562 1986; x_wconf 89' lang='lat' dir='ltr'>bona</span> <span class='ocrx_word' id='word_1_274' title='bbox 593 1953 730 1987; x_wconf 88' lang='lat' dir='ltr'>aliarum</span> <span class='ocrx_word' id='word_1_275' title='bbox 761 1964 980 1999; x_wconf 80' lang='lat' dir='ltr'>personarum</span> <span class='ocrx_word' id='word_1_276' title='bbox 1012 1956 1205 1986; x_wconf 87' lang='lat' dir='ltr'>monasterii</span> <span class='ocrx_word' id='word_1_277' title='bbox 1235 1953 1454 1986; x_wconf 84' lang='lat' dir='ltr'>ecclesiarum</span> <span class='ocrx_word' id='word_1_278' title='bbox 1485 1957 1515 1986; x_wconf 80' lang='lat' dir='ltr'>et</span> <span class='ocrx_word' id='word_1_279' title='bbox 1546 1954 1686 1987; x_wconf 85' lang='lat' dir='ltr'>aliorum</span> <span class='ocrx_word' id='word_1_280' title='bbox 1717 1954 1866 1988; x_wconf 87' lang='lat' dir='ltr'>locorum</span> <span class='ocrx_word' id='word_1_281' title='bbox 1890 1954 2010 1987; x_wconf 67' lang='lat' dir='ltr'>liuius-</span> 
     </span>
     <span class='ocr_line' id='line_1_31' title="bbox 139 2013 2008 2060; baseline 0.002 -15"><span class='ocrx_word' id='word_1_282' title='bbox 139 2013 228 2046; x_wconf 91' lang='lat' dir='ltr'>modi</span> <span class='ocrx_word' id='word_1_283' title='bbox 258 2017 322 2046; x_wconf 88' lang='lat' dir='ltr'>tam</span> <span class='ocrx_word' id='word_1_284' title='bbox 354 2016 384 2046; x_wconf 87' lang='lat' dir='ltr'>in</span> <span class='ocrx_word' id='word_1_285' title='bbox 415 2016 495 2058; x_wconf 86' lang='lat' dir='ltr'>ipsis</span> <span class='ocrx_word' id='word_1_286' title='bbox 525 2014 688 2047; x_wconf 86' lang='lat' dir='ltr'>ecclesiis.</span> <span class='ocrx_word' id='word_1_287' title='bbox 720 2025 816 2058; x_wconf 88' lang='grc'>(1113111</span> <span class='ocrx_word' id='word_1_288' title='bbox 848 2018 942 2046; x_wconf 79' lang='lat' dir='ltr'>extra</span> <span class='ocrx_word' id='word_1_289' title='bbox 974 2014 1043 2046; x_wconf 78' lang='lat' dir='ltr'>illas</span> <span class='ocrx_word' id='word_1_290' title='bbox 1074 2016 1272 2047; x_wconf 79' lang='lat' dir='ltr'>existencia.</span> <span class='ocrx_word' id='word_1_291' title='bbox 1312 2016 1416 2047; x_wconf 88' lang='lat' dir='ltr'>eciam</span> <span class='ocrx_word' id='word_1_292' title='bbox 1441 2014 1609 2047; x_wconf 68' lang='lat' dir='ltr'>violenter</span> <span class='ocrx_word' id='word_1_293' title='bbox 1647 2026 1778 2060; x_wconf 82' lang='lat' dir='ltr'>rapere.</span> <span class='ocrx_word' id='word_1_294' title='bbox 1819 2015 2008 2060; x_wconf 86' lang='lat' dir='ltr'>depredari.</span> 
     </span>
     <span class='ocr_line' id='line_1_32' title="bbox 138 2074 2009 2120; baseline 0.002 -13"><span class='ocrx_word' id='word_1_295' title='bbox 138 2084 178 2107; x_wconf 90' lang='lat' dir='ltr'>ac</span> <span class='ocrx_word' id='word_1_296' title='bbox 208 2076 238 2107; x_wconf 93' lang='lat' dir='ltr'>in</span> <span class='ocrx_word' id='word_1_297' title='bbox 270 2074 404 2119; x_wconf 88' lang='lat' dir='ltr'>predam</span> <span class='ocrx_word' id='word_1_298' title='bbox 436 2074 608 2108; x_wconf 85' lang='lat' dir='ltr'>obducere</span> <span class='ocrx_word' id='word_1_299' title='bbox 638 2086 696 2108; x_wconf 87' lang='lat' dir='ltr'>seu</span> <span class='ocrx_word' id='word_1_300' title='bbox 734 2079 909 2120; x_wconf 87' lang='lat' dir='ltr'>asportare</span> <span class='ocrx_word' id='word_1_301' title='bbox 947 2079 1221 2120; x_wconf 83' lang='lat' dir='ltr'>presumpserunt</span> <span class='ocrx_word' id='word_1_302' title='bbox 1264 2074 1424 2108; x_wconf 85' lang='lat' dir='ltr'>hactenus</span> <span class='ocrx_word' id='word_1_303' title='bbox 1461 2079 1489 2107; x_wconf 92' lang='lat' dir='ltr'>et</span> <span class='ocrx_word' id='word_1_304' title='bbox 1527 2086 1725 2120; x_wconf 85' lang='lat' dir='ltr'>presumere</span> <span class='ocrx_word' id='word_1_305' title='bbox 1763 2077 1908 2120; x_wconf 85' lang='lat' dir='ltr'>quotidie</span> <span class='ocrx_word' id='word_1_306' title='bbox 1945 2088 2009 2109; x_wconf 91' lang='grc'>11011</span> 
     </span>
     <span class='ocr_line' id='line_1_33' title="bbox 137 2134 2009 2181; baseline 0.002 -15"><span class='ocrx_word' id='word_1_307' title='bbox 137 2138 311 2167; x_wconf 84' lang='lat' dir='ltr'>verentur.</span> <span class='ocrx_word' id='word_1_308' title='bbox 342 2139 479 2180; x_wconf 89' lang='lat' dir='ltr'>propter</span> <span class='ocrx_word' id='word_1_309' title='bbox 509 2146 572 2180; x_wconf 89' lang='lat' dir='ltr'>que</span> <span class='ocrx_word' id='word_1_310' title='bbox 602 2136 714 2169; x_wconf 88' lang='lat' dir='ltr'>clerici</span> <span class='ocrx_word' id='word_1_311' title='bbox 745 2140 776 2169; x_wconf 86' lang='lat' dir='ltr'>et</span> <span class='ocrx_word' id='word_1_312' title='bbox 805 2134 950 2181; x_wconf 77' lang='lat' dir='ltr'>persone</span> <span class='ocrx_word' id='word_1_313' title='bbox 972 2138 1165 2168; x_wconf 83' lang='lat' dir='ltr'>monasterii</span> <span class='ocrx_word' id='word_1_314' title='bbox 1187 2135 1404 2168; x_wconf 83' lang='lat' dir='ltr'>ecclesiarum</span> <span class='ocrx_word' id='word_1_315' title='bbox 1427 2140 1457 2169; x_wconf 88' lang='grc'>01</span> <span class='ocrx_word' id='word_1_316' title='bbox 1488 2136 1638 2169; x_wconf 89' lang='grc'>1000111111</span> <span class='ocrx_word' id='word_1_317' title='bbox 1661 2139 1807 2181; x_wconf 88' lang='lat' dir='ltr'>ipsorum</span> <span class='ocrx_word' id='word_1_318' title='bbox 1836 2149 1873 2169; x_wconf 86' lang='lat' dir='ltr'>ea</span> <span class='ocrx_word' id='word_1_319' title='bbox 1903 2141 2009 2169; x_wconf 85' lang='grc'>003011</span> 
     </span>
     <span class='ocr_line' id='line_1_34' title="bbox 138 2194 2007 2242; baseline 0.002 -15"><span class='ocrx_word' id='word_1_320' title='bbox 138 2194 363 2228; x_wconf 88' lang='lat' dir='ltr'>deseruerunt</span> <span class='ocrx_word' id='word_1_321' title='bbox 393 2199 425 2227; x_wconf 93' lang='lat' dir='ltr'>et.</span> <span class='ocrx_word' id='word_1_322' title='bbox 454 2195 610 2229; x_wconf 86' lang='lat' dir='ltr'>deserunt</span> <span class='ocrx_word' id='word_1_323' title='bbox 642 2207 681 2229; x_wconf 87' lang='lat' dir='ltr'>ac</span> <span class='ocrx_word' id='word_1_324' title='bbox 711 2196 864 2229; x_wconf 82' lang='lat' dir='ltr'>ecclesie.</span> <span class='ocrx_word' id='word_1_325' title='bbox 896 2199 1133 2229; x_wconf 84' lang='lat' dir='ltr'>monasterium</span> <span class='ocrx_word' id='word_1_326' title='bbox 1167 2200 1196 2228; x_wconf 79' lang='lat' dir='ltr'>et</span> <span class='ocrx_word' id='word_1_327' title='bbox 1237 2196 1307 2229; x_wconf 88' lang='lat' dir='ltr'>loca</span> <span class='ocrx_word' id='word_1_328' title='bbox 1347 2197 1494 2241; x_wconf 88' lang='lat' dir='ltr'>predicta</span> <span class='ocrx_word' id='word_1_329' title='bbox 1533 2196 1702 2242; x_wconf 88' lang='lat' dir='ltr'>obsequiis</span> <span class='ocrx_word' id='word_1_330' title='bbox 1733 2197 1861 2231; x_wconf 77' lang='lat' dir='ltr'>debitis.</span> <span class='ocrx_word' id='word_1_331' title='bbox 1893 2197 2007 2230; x_wconf 79' lang='lat' dir='ltr'>christi</span> 
     </span>
     <span class='ocr_line' id='line_1_35' title="bbox 137 2253 2007 2302; baseline 0.002 -14"><span class='ocrx_word' id='word_1_332' title='bbox 137 2253 253 2288; x_wconf 86' lang='lat' dir='ltr'>fideles</span> <span class='ocrx_word' id='word_1_333' title='bbox 275 2258 494 2289; x_wconf 82' lang='lat' dir='ltr'>sacramentis</span> <span class='ocrx_word' id='word_1_334' title='bbox 511 2256 761 2289; x_wconf 86' lang='lat' dir='ltr'>ecclesiasticis.</span> <span class='ocrx_word' id='word_1_335' title='bbox 783 2268 1004 2302; x_wconf 65' lang='grc'>111-1133110105</span> <span class='ocrx_word' id='word_1_336' title='bbox 1026 2259 1078 2302; x_wconf 87' lang='lat' dir='ltr'>pie</span> <span class='ocrx_word' id='word_1_337' title='bbox 1101 2256 1331 2302; x_wconf 81' lang='lat' dir='ltr'>hospitalitatis</span> <span class='ocrx_word' id='word_1_338' title='bbox 1352 2257 1580 2290; x_wconf 72' lang='lat' dir='ltr'>subvencione</span> <span class='ocrx_word' id='word_1_339' title='bbox 1602 2257 1820 2291; x_wconf 88' lang='lat' dir='ltr'>fraudantur:</span> <span class='ocrx_word' id='word_1_340' title='bbox 1851 2259 2007 2302; x_wconf 84' lang='lat' dir='ltr'>quodque</span> 
     </span>
     <span class='ocr_line' id='line_1_36' title="bbox 138 2315 2008 2362; baseline 0.001 -14"><span class='ocrx_word' id='word_1_341' title='bbox 138 2315 299 2357; x_wconf 78' lang='lat' dir='ltr'>nonnulli.</span> <span class='ocrx_word' id='word_1_342' title='bbox 331 2319 384 2360; x_wconf 88' lang='lat' dir='ltr'>qui</span> <span class='ocrx_word' id='word_1_343' title='bbox 414 2316 611 2359; x_wconf 77' lang='lat' dir='ltr'>gloriantur.</span> <span class='ocrx_word' id='word_1_344' title='bbox 644 2328 717 2350; x_wconf 91' lang='lat' dir='ltr'>cum</span> <span class='ocrx_word' id='word_1_345' title='bbox 750 2317 989 2351; x_wconf 82' lang='lat' dir='ltr'>malefecerint.</span> <span class='ocrx_word' id='word_1_346' title='bbox 1022 2317 1209 2350; x_wconf 78' lang='lat' dir='ltr'>huiusmodi</span> <span class='ocrx_word' id='word_1_347' title='bbox 1248 2320 1421 2351; x_wconf 88' lang='lat' dir='ltr'>criminum</span> <span class='ocrx_word' id='word_1_348' title='bbox 1459 2322 1659 2362; x_wconf 82' lang='lat' dir='ltr'>patratores.</span> <span class='ocrx_word' id='word_1_349' title='bbox 1700 2330 1829 2352; x_wconf 87' lang='lat' dir='ltr'>necnon</span> <span class='ocrx_word' id='word_1_350' title='bbox 1865 2319 2008 2351; x_wconf 68' lang='lat' dir='ltr'>clericos·</span> 
     </span>
     <span class='ocr_line' id='line_1_37' title="bbox 135 2377 2007 2424; baseline 0.002 -16"><span class='ocrx_word' id='word_1_351' title='bbox 135 2379 169 2409; x_wconf 87' lang='lat' dir='ltr'>et</span> <span class='ocrx_word' id='word_1_352' title='bbox 196 2385 359 2421; x_wconf 84' lang='lat' dir='ltr'>personas</span> <span class='ocrx_word' id='word_1_353' title='bbox 389 2377 637 2410; x_wconf 83' lang='lat' dir='ltr'>ecclesiasticas</span> <span class='ocrx_word' id='word_1_354' title='bbox 667 2382 697 2410; x_wconf 90' lang='lat' dir='ltr'>et</span> <span class='ocrx_word' id='word_1_355' title='bbox 727 2378 905 2421; x_wconf 69' lang='lat' dir='ltr'>religiosas</span> <span class='ocrx_word' id='word_1_356' title='bbox 927 2383 1040 2423; x_wconf 76' lang='lat' dir='ltr'>captas</span> <span class='ocrx_word' id='word_1_357' title='bbox 1062 2378 1101 2411; x_wconf 83' lang='lat' dir='ltr'>ab</span> <span class='ocrx_word' id='word_1_358' title='bbox 1123 2381 1171 2410; x_wconf 78' lang='lat' dir='ltr'>eis</span> <span class='ocrx_word' id='word_1_359' title='bbox 1195 2383 1223 2411; x_wconf 86' lang='lat' dir='ltr'>et</span> <span class='ocrx_word' id='word_1_360' title='bbox 1247 2381 1383 2423; x_wconf 86' lang='lat' dir='ltr'>insuper</span> <span class='ocrx_word' id='word_1_361' title='bbox 1403 2390 1458 2411; x_wconf 88' lang='lat' dir='ltr'>res</span> <span class='ocrx_word' id='word_1_362' title='bbox 1480 2383 1509 2412; x_wconf 88' lang='lat' dir='ltr'>et</span> <span class='ocrx_word' id='word_1_363' title='bbox 1533 2378 1616 2412; x_wconf 90' lang='grc'>110113</span> <span class='ocrx_word' id='word_1_364' title='bbox 1649 2378 1836 2412; x_wconf 90' lang='lat' dir='ltr'>huiusmodi</span> <span class='ocrx_word' id='word_1_365' title='bbox 1869 2391 1927 2424; x_wconf 88' lang='lat' dir='ltr'>per</span> <span class='ocrx_word' id='word_1_366' title='bbox 1949 2390 2007 2411; x_wconf 76' lang='lat' dir='ltr'>eos</span> 
     </span>
     <span class='ocr_line' id='line_1_38' title="bbox 135 2436 2011 2483; baseline 0.002 -14"><span class='ocrx_word' id='word_1_367' title='bbox 135 2439 168 2469; x_wconf 90' lang='lat' dir='ltr'>in</span> <span class='ocrx_word' id='word_1_368' title='bbox 197 2436 334 2481; x_wconf 90' lang='lat' dir='ltr'>predam</span> <span class='ocrx_word' id='word_1_369' title='bbox 374 2436 514 2470; x_wconf 89' lang='lat' dir='ltr'>abducta</span> <span class='ocrx_word' id='word_1_370' title='bbox 545 2449 603 2471; x_wconf 85' lang='lat' dir='ltr'>seu</span> <span class='ocrx_word' id='word_1_371' title='bbox 638 2443 806 2483; x_wconf 82' lang='lat' dir='ltr'>asportata</span> <span class='ocrx_word' id='word_1_372' title='bbox 845 2442 992 2472; x_wconf 90' lang='lat' dir='ltr'>scienter</span> <span class='ocrx_word' id='word_1_373' title='bbox 1029 2442 1058 2472; x_wconf 90' lang='lat' dir='ltr'>in</span> <span class='ocrx_word' id='word_1_374' title='bbox 1095 2439 1296 2472; x_wconf 78' lang='lat' dir='ltr'>civitatibus.</span> <span class='ocrx_word' id='word_1_375' title='bbox 1333 2442 1463 2473; x_wconf 82' lang='lat' dir='ltr'>castris.</span> <span class='ocrx_word' id='word_1_376' title='bbox 1503 2440 1602 2474; x_wconf 79' lang='lat' dir='ltr'>villis.</span> <span class='ocrx_word' id='word_1_377' title='bbox 1635 2440 1817 2473; x_wconf 80' lang='lat' dir='ltr'>fortaliciis.</span> <span class='ocrx_word' id='word_1_378' title='bbox 1849 2444 1946 2472; x_wconf 80' lang='lat' dir='ltr'>terris</span> <span class='ocrx_word' id='word_1_379' title='bbox 1978 2444 2011 2472; x_wconf 74' lang='lat' dir='ltr'>etv</span> 
     </span>
     <span class='ocr_line' id='line_1_39' title="bbox 135 2496 2009 2545; baseline 0.002 -16"><span class='ocrx_word' id='word_1_380' title='bbox 135 2496 207 2530; x_wconf 84' lang='lat' dir='ltr'>aliis</span> <span class='ocrx_word' id='word_1_381' title='bbox 236 2497 319 2530; x_wconf 88' lang='lat' dir='ltr'>locis</span> <span class='ocrx_word' id='word_1_382' title='bbox 348 2508 463 2530; x_wconf 89' lang='lat' dir='ltr'>eorum</span> <span class='ocrx_word' id='word_1_383' title='bbox 494 2502 755 2543; x_wconf 79' lang='lat' dir='ltr'>receptaverunt</span> <span class='ocrx_word' id='word_1_384' title='bbox 785 2504 814 2532; x_wconf 89' lang='lat' dir='ltr'>et</span> <span class='ocrx_word' id='word_1_385' title='bbox 852 2503 1035 2544; x_wconf 86' lang='lat' dir='ltr'>receptant.</span> <span class='ocrx_word' id='word_1_386' title='bbox 1078 2499 1174 2544; x_wconf 79' lang='lat' dir='ltr'>aliqui</span> <span class='ocrx_word' id='word_1_387' title='bbox 1213 2511 1295 2532; x_wconf 71' lang='lat' dir='ltr'>vero</span> <span class='ocrx_word' id='word_1_388' title='bbox 1331 2502 1493 2545; x_wconf 87' lang='lat' dir='ltr'>premissa</span> <span class='ocrx_word' id='word_1_389' title='bbox 1533 2503 1641 2534; x_wconf 89' lang='lat' dir='ltr'>omnia</span> <span class='ocrx_word' id='word_1_390' title='bbox 1681 2512 1738 2534; x_wconf 86' lang='lat' dir='ltr'>seu</span> <span class='ocrx_word' id='word_1_391' title='bbox 1778 2500 1934 2533; x_wconf 86' lang='lat' dir='ltr'>nonnulla</span> <span class='ocrx_word' id='word_1_392' title='bbox 1967 2511 2009 2532; x_wconf 77' lang='lat' dir='ltr'>ex</span> 
     </span>
     <span class='ocr_line' id='line_1_40' title="bbox 135 2556 2007 2601; baseline 0.002 -12"><span class='ocrx_word' id='word_1_393' title='bbox 135 2559 184 2590; x_wconf 86' lang='lat' dir='ltr'>eis</span> <span class='ocrx_word' id='word_1_394' title='bbox 214 2556 285 2591; x_wconf 84' lang='lat' dir='ltr'>fieri</span> <span class='ocrx_word' id='word_1_395' title='bbox 314 2568 372 2590; x_wconf 87' lang='lat' dir='ltr'>seu</span> <span class='ocrx_word' id='word_1_396' title='bbox 403 2561 561 2591; x_wconf 88' lang='lat' dir='ltr'>committi</span> <span class='ocrx_word' id='word_1_397' title='bbox 593 2558 757 2601; x_wconf 70' lang='lat' dir='ltr'>fecerunt.</span> <span class='ocrx_word' id='word_1_398' title='bbox 788 2564 818 2593; x_wconf 90' lang='lat' dir='ltr'>et</span> <span class='ocrx_word' id='word_1_399' title='bbox 849 2563 955 2593; x_wconf 88' lang='lat' dir='ltr'>eciam</span> <span class='ocrx_word' id='word_1_400' title='bbox 987 2561 1229 2593; x_wconf 69' lang='lat' dir='ltr'>mandaverunt</span> <span class='ocrx_word' id='word_1_401' title='bbox 1261 2572 1318 2593; x_wconf 84' lang='lat' dir='ltr'>seu</span> <span class='ocrx_word' id='word_1_402' title='bbox 1350 2571 1464 2593; x_wconf 91' lang='lat' dir='ltr'>eorum</span> <span class='ocrx_word' id='word_1_403' title='bbox 1495 2564 1628 2594; x_wconf 87' lang='lat' dir='ltr'>nomine</span> <span class='ocrx_word' id='word_1_404' title='bbox 1658 2565 1712 2593; x_wconf 88' lang='lat' dir='ltr'>aut</span> <span class='ocrx_word' id='word_1_405' title='bbox 1743 2560 1898 2593; x_wconf 79' lang='lat' dir='ltr'>mamiato</span> <span class='ocrx_word' id='word_1_406' title='bbox 1921 2560 2007 2593; x_wconf 86' lang='lat' dir='ltr'>facta</span> 
     </span>
     <span class='ocr_line' id='line_1_41' title="bbox 135 2618 2004 2666; baseline 0.002 -16"><span class='ocrx_word' id='word_1_407' title='bbox 135 2619 208 2651; x_wconf 90' lang='lat' dir='ltr'>sive</span> <span class='ocrx_word' id='word_1_408' title='bbox 237 2621 414 2651; x_wconf 83' lang='lat' dir='ltr'>commissa</span> <span class='ocrx_word' id='word_1_409' title='bbox 445 2623 514 2651; x_wconf 88' lang='lat' dir='ltr'>rata</span> <span class='ocrx_word' id='word_1_410' title='bbox 546 2618 733 2653; x_wconf 81' lang='lat' dir='ltr'>habuerunt.</span> <span class='ocrx_word' id='word_1_411' title='bbox 753 2624 783 2653; x_wconf 82' lang='lat' dir='ltr'>et</span> <span class='ocrx_word' id='word_1_412' title='bbox 805 2619 947 2661; x_wconf 86' lang='lat' dir='ltr'>habent:</span> <span class='ocrx_word' id='word_1_413' title='bbox 977 2621 1029 2654; x_wconf 91' lang='lat' dir='ltr'>alii</span> <span class='ocrx_word' id='word_1_414' title='bbox 1061 2624 1165 2654; x_wconf 87' lang='lat' dir='ltr'>eciam</span> <span class='ocrx_word' id='word_1_415' title='bbox 1188 2621 1313 2654; x_wconf 79' lang='lat' dir='ltr'>eisdem</span> <span class='ocrx_word' id='word_1_416' title='bbox 1337 2620 1561 2666; x_wconf 84' lang='lat' dir='ltr'>predictorum</span> <span class='ocrx_word' id='word_1_417' title='bbox 1584 2624 1756 2654; x_wconf 89' lang='grc'>01111111111111</span> <span class='ocrx_word' id='word_1_418' title='bbox 1781 2619 2004 2666; x_wconf 86' lang='lat' dir='ltr'>patratoribus</span> 
     </span>
    </p>
   </div>
   <div class='ocr_carea' id='block_1_6' title="bbox 135 2679 2008 2768">
    <p class='ocr_par' dir='ltr' id='par_1_6' title="bbox 135 2679 2008 2768">
     <span class='ocr_line' id='line_1_42' title="bbox 135 2679 2008 2727; baseline -0.001 -15"><span class='ocrx_word' id='word_1_419' title='bbox 135 2680 168 2712; x_wconf 89' lang='lat' dir='ltr'>in</span> <span class='ocrx_word' id='word_1_420' title='bbox 214 2679 459 2712; x_wconf 88' lang='lat' dir='ltr'>committendis</span> <span class='ocrx_word' id='word_1_421' title='bbox 499 2679 625 2713; x_wconf 81' lang='lat' dir='ltr'>eisdem</span> <span class='ocrx_word' id='word_1_422' title='bbox 664 2680 862 2714; x_wconf 78' lang='lat' dir='ltr'>excessibus</span> <span class='ocrx_word' id='word_1_423' title='bbox 902 2692 960 2726; x_wconf 84' lang='lat' dir='ltr'>per</span> <span class='ocrx_word' id='word_1_424' title='bbox 999 2693 1035 2715; x_wconf 90' lang='lat' dir='ltr'>se</span> <span class='ocrx_word' id='word_1_425' title='bbox 1075 2687 1104 2715; x_wconf 86' lang='lat' dir='ltr'>et</span> <span class='ocrx_word' id='word_1_426' title='bbox 1143 2682 1224 2715; x_wconf 83' lang='lat' dir='ltr'>alios</span> <span class='ocrx_word' id='word_1_427' title='bbox 1260 2684 1475 2727; x_wconf 86' lang='lat' dir='ltr'>prestiterunt</span> <span class='ocrx_word' id='word_1_428' title='bbox 1512 2687 1541 2715; x_wconf 91' lang='lat' dir='ltr'>et</span> <span class='ocrx_word' id='word_1_429' title='bbox 1580 2686 1726 2727; x_wconf 85' lang='lat' dir='ltr'>prestant</span> <span class='ocrx_word' id='word_1_430' title='bbox 1773 2681 1929 2714; x_wconf 80' lang='lat' dir='ltr'>auxilium</span> <span class='ocrx_word' id='word_1_431' title='bbox 1975 2686 2008 2714; x_wconf 80' lang='lat' dir='ltr'>et</span> 
     </span>
     <span class='ocr_line' id='line_1_43' title="bbox 1839 2743 1899 2768; baseline -0.033 0"><span class='ocrx_word' id='word_1_432' title='bbox 1839 2743 1899 2768; x_wconf 56' lang='lat'>30*</span> 
     </span>
    </p>
   </div>
  </div>
 </body>
</html>
