2313 3090
1017 183 1087 217 461

133 289 286 332 superius
315 289 484 332 preposita
513 291 545 319 et
574 292 757 331 conquesta
787 287 918 333 publica
948 299 1064 321 eorum
1094 287 1236 321 docente
1265 289 1466 319 notorietate
1496 288 1527 319 in
1557 284 1709 319 omnibus
1735 287 1802 318 suis
1824 284 1996 321 clausulisq

131 349 273 393 punctis,
313 350 488 380 momentis
527 351 560 379 et
598 346 725 389 formise
764 353 860 393 prout
899 352 1052 394 superius
1091 353 1165 382 sunt
1203 358 1378 392 expressa.
1413 346 1497 379 adeo
1527 345 1656 391 publica
1688 350 1718 379 et
1751 345 1924 379 manifesta
1955 356 1995 378 ac

130 410 260 442 notoria
289 410 366 451 sint,
397 408 483 452 quod
515 407 625 452 aliquo
656 409 754 441 modo
784 414 836 442 aut
867 409 982 443 colore
1011 408 1149 443 inficiari
1170 413 1337 453 nequeant
1363 412 1417 440 ant
1438 407 1546 452 aliqua
1569 409 1860 451 tergiversacione
1882 407 1997 446 celari„

130 479 204 502 cum
240 471 311 514 ipsa
346 468 536 512 vulgariter
574 468 659 501 sama
700 472 865 502 notorium
906 469 1050 515 publicet
1079 480 1117 503 ac
1147 469 1247 514 longa
1278 469 1411 514 lataque
1442 468 1557 501 diss'nsa
1589 471 1658 513 ipsa
1690 471 1848 501 iniuriosa
1880 472 1996 501 trans-

131 539 270 574 gressus
308 528 483 562 evidencia
524 528 725 565 manifestat.
762 530 993 563 nichilominus
1023 535 1132 563 tamen
1162 540 1223 564 nos
1253 530 1293 563 de
1323 533 1370 563 eis
1401 541 1459 575 per
1489 534 1599 562 certas
1630 527 1852 574 probaciones
1881 540 1994 562 coram

130 588 226 623 nobis
255 589 360 623 factas
389 592 570 623 summarie
599 589 865 623 informaverunt
896 596 925 624 et
957 594 1031 636 quia
1061 595 1154 623 cerlo
1185 593 1315 624 cercius
1345 601 1508 635 expresse
1530 592 1767 635 (wntlpct'inltlss
1791 592 1859 634 ipsa
1882 592 1991 622 onmia

132 653 164 683 et
192 650 322 695 singula
352 649 468 687 fuisse,
499 649 572 683 fore
602 654 634 683 et
662 661 738 684 esse
768 655 858 684 certa
889 662 927 684 ac
957 662 1039 685 vera
1070 656 1101 684 et
1131 653 1273 693 notoria.
1304 654 1346 684 ita
1377 650 1463 695 quod
1494 650 1581 683 nullo
1613 649 1709 683 modo
1730 652 1849 694 negari
1870 652 1997 695 possint

132 711 286 756 nullaque
313 711 465 745 ulteriori
494 714 673 744 summaria
704 714 904 755 cognicione
934 714 1006 745 sive
1035 711 1279 745 informacione
1309 722 1413 755 egere
1444 711 1586 756 taliaque
1617 710 1700 751 sore7
1733 721 1796 755 que
1827 715 1858 743 et
1887 710 1995 755 qualia

130 771 316 806 iudicialem
347 771 538 816 indaginem
568 782 635 804 non
666 775 850 817 requirunt.
880 775 1053 818 ipsamque
1082 783 1151 805 rem
1183 772 1387 806 celeritatem
1419 771 1613 805 desiderare
1643 776 1675 805 et
1704 774 1730 805 si
1761 771 1886 816 absque
1908 770 1996 804 dila—

129 835 226 867 cione
255 831 360 878 (non)
388 831 555 870 obvietur,
585 832 754 878 predictos
783 832 969 866 oll‘ensores
999 833 1039 866 ad
1069 836 1213 879 pessima
1244 836 1443 879 impromplo
1473 837 1619 865 armatos
1654 835 1718 865 cito
1752 832 1990 876 gravidissima

132 893 216 928 mala
245 904 346 939 posse
374 896 574 939 perpetrari,
611 896 788 938 presertim
818 904 891 927 cum
923 898 987 927 tam
1017 897 1050 927 in
1079 894 1190 927 arduis
1220 898 1251 927 et
1280 896 1419 927 notoriis
1449 893 1599 927 ordinem
1631 893 1836 927 iudiciarium
1867 892 1992 926 obser-

131 965 228 999 vare,
275 958 365 988 esset
411 953 562 988 ordinem
610 957 690 988 iuris
737 966 802 988 non
849 966 1010 988 servare:
1063 966 1166 1000 quare
1214 954 1298 988 dicta
1346 954 1529 1000 apostoliea
1578 956 1774 987 auctoritate
1821 953 1916 987 nobis
1964 956 1995 986 in

131 1014 195 1049 hac
230 1019 326 1061 parte
363 1015 482 1049 tradita
519 1014 616 1049 vobis
646 1014 799 1067 omnibps
838 1020 868 1049 et
907 1015 1046 1059 singulis
1085 1020 1117 1048 et
1154 1014 1287 1048 cuilibet
1326 1019 1474 1049 vestrum
1514 1018 1546 1048 in
1577 1017 1699 1048 virtute
1728 1019 1842 1048 sancte
1872 1013 1996 1048 obedi-

132 1079 229 1110 encie
258 1081 291 1110 et
319 1075 380 1110 suh
408 1078 774 1110 excommunicacionis
795 1088 891 1122 pena.
923 1088 1018 1121 quam
1050 1079 1083 1110 in
1111 1088 1174 1110 vos
1200 1081 1229 1109 et
1252 1081 1401 1110 vestrum
1423 1075 1613 1122 quemlibet.
1636 1079 1691 1121 qui
1712 1078 1859 1121 presenti
1880 1080 1996 1108 nostro

131 1137 286 1171 mandato
322 1139 388 1171 imo
426 1139 542 1170 verius
575 1136 760 1182 apostolico
799 1148 864 1170 non
902 1139 1078 1182 parueritis
1116 1142 1169 1170 aut
1203 1149 1270 1171 non
1299 1140 1445 1184 paruerit
1475 1149 1548 1171 cnm
1580 1137 1711 1180 effectu7
1742 1139 1837 1170 trium
1868 1137 1995 1170 dicrum

131 1200 292 1232 canonica
331 1200 521 1232 monicione
558 1201 723 1244 premissa
752 1198 889 1231 serimus
919 1201 950 1231 in
980 1197 1042 1231 biis
1072 1201 1215 1244 scriptis,
1246 1198 1394 1232 districte
1423 1197 1638 1243 precipiendo
1670 1197 1876 1240 mandamus,
1907 1208 1995 1242 qua-

131 1264 227 1294 tenus
254 1270 318 1293 vos
347 1263 381 1293 et
408 1258 545 1305 quilibet
573 1263 736 1301 vestrum,
767 1258 849 1292 alter
878 1259 976 1292 alium
1007 1270 1072 1292 non
1102 1259 1326 1305 expectando,
1356 1261 1464 1293 statim
1495 1262 1567 1304 post
1589 1257 1857 1291 notificacionem
1881 1257 1996 1303 publi-

129 1323 302 1354 cacionem
340 1330 401 1354 seu
439 1322 703 1353 insinuacionem
742 1322 952 1365 presencium
992 1319 1089 1353 vobis
1118 1319 1251 1363 factam7
1269 1319 1324 1354 vel
1353 1324 1527 1366 postquam
1558 1330 1617 1364 per
1646 1319 1814 1364 predictos
1844 1318 1996 1352 dominos

131 1381 295 1415 decanum
323 1385 357 1415 et
384 1381 562 1427 capitulum
592 1380 818 1415 Olomucense
847 1381 1104 1426 singularesque
1133 1391 1296 1426 personas
1326 1379 1522 1423 eorundem,
1548 1379 1603 1413 vel
1623 1384 1876 1425 procuratorem
1899 1382 1995 1424 ipso-

129 1453 203 1476 rum
241 1441 281 1476 ad
320 1444 563 1476 execucionem
599 1445 766 1487 presentis
803 1444 908 1475 nostri
944 1444 1009 1475 imo
1048 1443 1161 1475 verius
1192 1441 1365 1487 apostolici
1394 1451 1574 1486 processus
1605 1442 1752 1485 requisiti
1784 1439 1912 1473 fueritis
1942 1443 1995 1472 aut

129 1503 229 1538 fuerit
258 1505 452 1548 requisitus,
481 1502 696 1546 accedentes,
727 1502 781 1536 ubi
806 1506 942 1548 propter
963 1501 1026 1535 boc
1048 1500 1146 1535 fuerit
1168 1501 1409 1540 accedendum„
1430 1501 1621 1547 sepediclos
1643 1500 1795 1534 dominos
1815 1503 1995 1546 principes„

130 1563 288 1607 barones,
323 1563 466 1608 nobiles,
501 1563 634 1606 milites‚
664 1566 865 1608 armigeros,
896 1563 1035 1596 clientes
1064 1566 1098 1596 et
1125 1562 1230 1596 laicos
1260 1573 1443 1607 eorumque
1473 1561 1654 1607 complices
1684 1561 1882 1607 spoliatores
1911 1571 1996 1606 pre-

130 1627 319 1659 nominatos
356 1635 420 1658 nec
458 1635 525 1658 non
561 1624 797 1670 dampnatores
836 1628 1003 1657 eteorum
1034 1622 1226 1668 quemlibet,
1257 1625 1284 1656 si
1313 1634 1429 1656 eorum
1459 1625 1634 1668 presencia
1665 1621 1841 1655 commode
1871 1620 1996 1655 babere

130 1689 263 1732 poterit,
300 1685 382 1720 alias
419 1685 552 1731 publice
586 1688 619 1719 in
657 1685 810 1719 ecclesiis
849 1689 881 1718 et
915 1683 1084 1729 parochiis
1114 1694 1153 1717 ac
1183 1683 1334 1717 domibus
1364 1687 1396 1716 et
1424 1683 1507 1717 locIs
1537 1682 1757 1716 habitacionis
1787 1685 1934 1728 ipsorum
1964 1686 1995 1714 et

128 1749 234 1782 eciam
272 1749 397 1781 vestris
432 1758 475 1780 ex
512 1745 831 1792 superhabundantn
872 1746 926 1778 vel
965 1745 1081 1778 saltem
1117 1756 1190 1778 cum
1231 1745 1270 1777 ad
1309 1747 1400 1790 ipsos
1437 1747 1653 1790 ipsorumque
1687 1744 1804 1777 domos
1834 1754 1893 1776 seu
1922 1743 1995 1776 loca

72 1827 79 1836 ·
129 1807 377 1842 habitacionum
405 1811 494 1841 tutus
523 1806 639 1841 haberi
667 1807 859 1840 nullomodo
889 1809 993 1852 possit
1022 1816 1193 1848 accessus
1223 1816 1284 1851 per
1312 1805 1475 1851 publicam
1502 1804 1695 1838 affixionem
1717 1807 1888 1850 copiarum
1909 1815 1995 1850 pre-

129 1871 232 1903 sentis
269 1879 450 1915 processus
488 1868 528 1901 ad
567 1867 674 1902 hostia
713 1872 902 1901 vestrarum
942 1867 1161 1900 ecclesiarum
1191 1866 1275 1899 adeo
1304 1864 1434 1911 publice
1465 1869 1495 1898 et
1526 1865 1714 1907 manifeste,
1746 1870 1776 1898 ut
1808 1864 1849 1898 ad
1879 1875 1994 1898 eorum

129 1932 287 1965 noticiam
329 1930 558 1964 verisimiliter
598 1931 703 1975 possit
740 1931 922 1974 pervenire
961 1932 991 1961 et
1031 1928 1261 1971 ignoranciam
1298 1925 1500 1971 pretendere
1540 1928 1761 1971 nonpossint
1799 1925 1995 1968 eorundem,

128 1994 291 2026 canonice
320 1993 496 2034 moneatis,
526 2000 609 2035 quos
639 1994 671 2022 et
700 1989 880 2035 quemlibet
909 1999 1024 2021 eorum
1047 1998 1107 2021 nos
1129 1989 1234 2020 eciam
1257 1986 1342 2020 (licta
1365 1985 1544 2031 apostolica
1567 1988 1764 2019 auctoritate
1786 1985 1996 2031 presentibus

129 2063 316 2096 monemus,
352 2056 388 2086 ut
424 2051 529 2086 infras
567 2051 614 2086 IX
653 2051 725 2085 dies
756 2053 878 2083 vestris
909 2047 1152 2082 inonieionilms
1182 2051 1213 2081 et
1243 2046 1417 2080 cuiuslibet
1446 2051 1595 2080 vestrum
1626 2052 1680 2080 aut
1710 2050 1933 2092 presencium,
1964 2051 1994 2079 ut

130 2115 343 2159 premittitur,
385 2112 651 2146 notificaeionem
682 2114 855 2158 proximos
892 2114 923 2142 et
963 2109 1151 2142 immediate
1187 2112 1379 2153 sequentes„
1420 2119 1559 2153 quorum
1600 2107 1644 2141 lx
1681 2107 1807 2140 dierimi
1839 2112 1905 2140 tres
1935 2118 1994 2152 pro

129 2176 249 2220 prima,
286 2178 354 2208 tres
391 2184 452 2219 pro
491 2172 638 2207 secunda
677 2176 709 2205 et
745 2171 898 2205 residuos
937 2175 1004 2203 tres
1044 2170 1114 2203 (lies
1150 2180 1209 2214 pro
1240 2171 1343 2201 tercia
1382 2171 1569 2201 nwnicione
1600 2171 1760 2201 canonica
1792 2173 1821 2201 et
1854 2171 1994 2201 termino

129 2237 335 2281 peremtorio
363 2236 443 2280 ipsis
472 2236 705 2278 assignamus3
735 2235 978 2278 suprascriptas
1011 2230 1117 2272 villas„
1147 2232 1393 2275 possessiones„
1425 2232 1534 2262 curias
1565 2229 1750 2263 allodialos.
1768 2233 1887 2272 terras‚
1905 2230 1993 2272 jura5

127 2295 398 2340 Jurisdicciones,
428 2304 564 2340 pecora⁷
594 2293 752 2339 pecudes„
783 2304 945 2326 annonas.
964 2294 1133 2336 pecunias.
1164 2289 1330 2332 clenodia7
1360 2294 1474 2323 vestes
1504 2294 1535 2323 et
1565 2290 1784 2335 supellectilia
1815 2301 1852 2322 ac
1883 2300 1938 2322 res
1965 2293 1994 2321 et

131 2358 242 2389 omnia
280 2354 365 2388 bona
403 2354 465 2388 alia
505 2353 636 2388 mobilia
675 2358 705 2387 et
740 2352 918 2386 immobilia
948 2352 1085 2397 spoliala
1117 2353 1356 2396 prenominatis
1395 2350 1536 2383 dominis<
1567 2350 1694 2383 decano
1725 2355 1754 2383 et
1785 2350 1927 2395 capitulo
1958 2362 1997 2383 nc

130 2416 274 2450 ecclesie
304 2415 521 2449 Olomucensi
550 2414 843 2459 singulariluisqne
883 2416 1035 2458 personis
1073 2412 1255 2445 ‹wrundem
1286 2411 1420 2444 realiter
1450 2413 1580 2455 integre
1602 2416 1630 2443 et
1654 2423 1726 2444 eum
1750 2411 1868 2444 ell'ectu
1891 2414 1994 2443 resti-

128 2481 219 2512 tuant
261 2481 293 2510 et
335 2478 464 2509 restitui
506 2479 698 2521 procurent,
729 2475 937 2519 villanosque
976 2478 1007 2506 et
1047 2472 1197 2506 homines
1238 2482 1352 2504 eorum
1385 2471 1538 2505 detentos
1569 2477 1598 2505 et
1630 2475 1781 2517 captivos
1811 2471 1934 2505 liberos
1965 2475 1997 2504 et

128 2538 254 2573 solutos
296 2537 457 2570 dimittant
501 2546 574 2568 cum
618 2534 749 2577 ellectu,
788 2539 817 2567 et
856 2534 896 2567 de
933 2536 1059 2577 injuriis
1100 2538 1129 2565 et
1170 2532 1320 2578 dampnis
1360 2532 1454 2565 factis
1493 2537 1523 2565 et
1567 2533 1665 2565 illatis
1697 2532 1820 2565 ‹isilem
1852 2532 1995 2565 dominis

129 2599 257 2633 decano
293 2602 326 2631 et
360 2596 504 2642 capitulo
543 2606 581 2628 ac
620 2595 764 2629 ecclesie
803 2594 1093 2639 singularibusque
1133 2596 1285 2638 personis
1325 2593 1507 2626 eorundem
1539 2593 1688 2638 plenarie
1718 2598 1747 2625 et
1779 2593 1997 2626 ell'ectualiler

130 2658 347 2698 satisfaciant.
384 2668 515 2690 necnon
555 2656 595 2689 de
632 2660 746 2689 cetero
781 2659 870 2702 ipsos
901 2655 1061 2688 decanum
1094 2659 1122 2685 et
1154 2655 1329 2699 capitulum
1361 2659 1389 2685 et
1422 2654 1598 2687 ecelesiam
1631 2654 1888 2687 (lloniucensem
1919 2657 1995 2687 sin-
