2313 3090
7 1982 23 2067 Ην»,
10 1878 17 1932 -
10 1828 18 1839 0

1053 189 1127 223 203

1035 346 1144 382 210.

156 426 326 461 Nikolans
356 426 509 471 Bisclzof
541 438 601 460 rou
636 426 767 459 Olmiltz-
794 430 971 470 qestallel,
1012 427 1093 459 dass
1123 423 1263 458 Zdenlm
1296 434 1357 456 ron
1389 422 1580 466 Sternbergs
1611 422 1665 454 die
1696 420 1829 465 Dorfer
1865 419 2034 453 It'arlmss

157 488 226 521 und
254 487 532 532 Herrmansdorf
555 488 626 520 dem
666 485 809 520 ll'etizel
838 499 899 520 ron
931 486 1103 531 Doloplas
1134 484 1310 529 rerlsmlfe.
1342 484 1400 517 Dt.
1435 483 1670 517 Arndtoericz·
1699 482 1733 515 5.
1757 481 1894 524 Augsnst
1916 479 2027 513 1394.

314 564 402 617 Ros
440 583 598 617 Nicolaus
638 588 701 617 etc.
741 583 999 617 notumsacimus
1029 587 1093 615 etc.
1133 580 1230 622 Quod
1270 591 1342 613 cum
1383 579 1502 613 nobilis
1542 582 1593 612 vir
1632 578 1784 611 dominus
1819 575 1956 610 Sdenko
1988 575 2029 608 de

156 643 344 689 Sternberg
374 649 582 690 nuncupatus
613 645 652 678 de
682 644 812 678 Lukow
842 649 956 678 noster
986 648 1015 677 et
1047 642 1191 676 ecclesie
1221 645 1334 675 nostre
1363 640 1596 674 Olomucensis
1627 638 1732 672 tidelis
1763 637 1901 671 dilectus
1931 637 2029 670 villas

156 704 330 739 Warhocz
347 710 377 739 et
394 705 609 739 Hermanstat
627 710 767 751 protunc
786 706 917 739 deserta
949 716 1022 738 cum
1054 704 1147 738 silvis
1177 707 1241 736 etc.
1272 713 1289 735 a
1310 701 1407 735 nobis
1428 706 1457 734 et
1480 701 1564 734 dicta
1595 700 1739 733 ecclesia
1762 698 1967 733 Olomucens
1997 701 2028 731 in

154 765 291 800 feudum
308 766 536 812 dependencia
554 764 632 812 (sic)
651 766 805 800 adhibitis
829 767 1022 810 juramento
1041 769 1071 798 et
1102 764 1173 797 aliis
1203 765 1396 797 cerimoniis
1426 762 1581 807 legitimis
1612 766 1642 794 et
1673 763 1842 794 consuetis
1863 763 1894 793 in
1916 764 2028 793 castro

154 832 270 861 nostro
298 827 533 861 Arnoltowicz
562 827 773 872 presentibus
812 827 949 861 testibus
988 826 1209 870 infrascriptis
1238 827 1269 857 in
1308 823 1441 857 feudum
1473 822 1614 855 militare
1644 824 1860 867 suscepisset„
1893 820 2025 854 demum

155 887 323 922 humiliter
350 887 447 921 nobis
476 888 687 933 supplicavit.
719 892 880 933 quatenus
902 898 975 921 cum
997 891 1089 920 certe
1110 896 1211 920 cause
1232 887 1337 930 ipsum
1360 883 1398 916 ad
1421 882 1655 916 vendicionem
1677 882 1840 915 dictorum
1861 880 2025 914 bonorum

154 948 377 983 vehementer
415 949 666 994 compellerent.
712 948 751 982 de
795 948 976 982 eorundem
1016 947 1217 981 vendicione
1261 945 1346 978 sacta
1391 944 1531 977 honesto
1575 943 1685 976 clienti
1714 941 1942 976 VVenczeslao
1987 941 2028 974 de

153 1009 325 1055 Doloplas.
365 1010 549 1043 secundum
576 1014 726 1043 tenorem
765 1014 794 1042 et
835 1011 1079 1043 continenciam
1119 1008 1288 1041 literarum
1330 1009 1522 1039 contractus
1560 1007 1646 1037 inter
1675 1006 1765 1049 ipsos
1796 1002 1897 1036 habiti
1926 1013 2028 1048 super

155 1071 249 1104 dictis
286 1070 395 1106 honis.
434 1076 583 1104 nostrum
624 1080 824 1104 consensum
864 1072 1020 1114 <graciose
1058 1067 1202 1114 prebere
1237 1067 1424 1112 dignemur.
1469 1065 1539 1099 Nos
1569 1076 1652 1098 vero
1683 1067 1825 1109 cognitis
1856 1067 1964 1098 causis
1995 1068 2024 1097 et

153 1134 288 1166 motivis
327 1137 493 1177 tamquam
532 1132 688 1176 legitimis
728 1135 792 1164 etc.
833 1131 872 1164 ad
902 1129 1088 1164 huiusmodi
1119 1128 1353 1162 vendicionem
1389 1127 1476 1160 dieto
1506 1126 1734 1160 VVenczeslao
1765 1130 1796 1158 ut
1826 1127 2028 1170 premittitur

153 1192 275 1226 factam
305 1196 537 1227 consensimus
567 1196 630 1226 etc,
663 1203 701 1226 ac
731 1194 966 1236 resignacione
997 1191 1158 1224 dictorum
1189 1189 1353 1223 honorum
1392 1200 1409 1222 a
1450 1189 1536 1222 dicto
1578 1187 1711 1220 domino
1751 1186 1930 1220 Sdencone
1967 1196 2027 1231 per

153 1264 215 1287 nos
245 1253 354 1287 debite
383 1258 519 1298 recepta
551 1257 581 1286 et
611 1253 650 1286 ad
682 1255 784 1298 ipsius
813 1251 1028 1285 lYenczeslai
1065 1253 1239 1296 peticionis
1278 1252 1473 1283 instanciam
1513 1248 1574 1282 sibi
1610 1248 1695 1281 dicta
1735 1246 1821 1280 bona
1851 1246 2026 1280 Warhocz

154 1319 186 1348 et
214 1313 428 1348 Hermanstat
459 1319 522 1348 etc.
553 1318 690 1359 recepto
720 1318 830 1346 tamen
860 1316 950 1359 prius
980 1311 1019 1345 ab
1049 1315 1121 1358 ipso
1152 1310 1261 1345 debite
1291 1310 1455 1344 fidelitatis
1485 1310 1582 1343 solito
1607 1310 1798 1353 juramento
1829 1310 1859 1341 in
1890 1306 2025 1340 feudum

155 1375 296 1409 militare
312 1374 510 1408 contulimus
541 1379 571 1408 et
601 1374 805 1408 conferimus
834 1385 895 1419 per
914 1377 1101 1419 presenteS‚
1123 1383 1183 1417 per
1210 1375 1315 1417 ipsum
1338 1382 1376 1404 ac
1397 1370 1541 1404 heredes
1562 1381 1641 1403 suos
1662 1369 1829 1413 legitimos
1852 1368 2024 1401 masculini

153 1447 256 1471 sexus
295 1448 312 1469 a
348 1435 456 1474 nohisq
494 1434 748 1470 successoribus
787 1437 908 1468 nostris
947 1436 1113 1480 episcopis
1143 1437 1174 1466 et
1204 1432 1348 1466 ecclesia
1379 1431 1594 1466 Olomucensi
1618 1433 1696 1476 jure
1735 1429 1823 1463 feodi
1852 1428 2025 1462 habendas

153 1497 314 1531 tenendas
344 1502 375 1531 et
404 1496 613 1530 utifruendas
643 1495 848 1542 temporibus
879 1495 1027 1528 affuturis
1056 1496 1179 1527 nostris
1209 1497 1239 1527 et
1270 1493 1415 1527 ecclesie
1444 1496 1559 1526 nostre
1584 1493 1661 1536 jure
1691 1494 1720 1524 et
1756 1492 1902 1524 servicio
1934 1492 1963 1522 in
1994 1494 2026 1522 et

154 1559 196 1592 de
231 1558 357 1592 eisdem
395 1557 491 1592 bonis
529 1569 663 1603 semper
700 1557 813 1590 salvis.
872 1555 1086 1589 Prcscntibns
1127 1557 1287 1600 magistro
1317 1553 1483 1587 Zandero.
1514 1552 1697 1585 Wilhelino
1736 1553 1906 1585 canonicis
1937 1549 2025 1583 Olo-

153 1618 379 1661 mucensibus
409 1617 600 1652 l-Volfrarno
621 1618 661 1651 de
683 1617 874 1651 Panowicz.
905 1616 1060 1649 Johanne
1090 1615 1130 1649 de
1151 1614 1334 1660 Czepericz
1359 1619 1390 1648 et
1412 1613 1638 1647 Cliunschone
1659 1613 1699 1645 de
1719 1611 1852 1658 Repow
1873 1610 2025 1644 fidelibus

152 1682 276 1714 nostris
305 1679 433 1713 dilectis
463 1683 495 1712 et
523 1678 595 1712 aliis
625 1677 689 1712 fide
719 1678 827 1723 dignis
858 1688 954 1723 quam
985 1676 1132 1723 pluribus
1164 1675 1302 1709 testibus
1332 1678 1421 1709 circa
1450 1677 1614 1720 premissa
1644 1676 1842 1707 constitutis.
1900 1671 2024 1705 Harum

153 1745 218 1774 etc.
248 1740 368 1774 Datum
398 1742 430 1774 in
460 1744 570 1773 castro
600 1739 834 1773 Arnoltowicz
873 1748 958 1772 anno
1000 1738 1122 1771 domini
1152 1733 1307 1771 MOCCC0
1336 1738 1556 1780 nonagesimo
1586 1733 1651 1768 15⁷⁰
1679 1734 1731 1767 die
1761 1736 1871 1779 quinta
1902 1735 2027 1767 mensis

104 1819 110 1827 =
151 1802 310 1847 Augusti.
348 1821 387 1825 -—

467 1906 660 1943 (Kremsierer
683 1906 923 1939 Lebensquatvrn
951 1905 988 1930 11.
1014 1913 1041 1937 p.
1071 1902 1155 1939 iol.)

1038 2066 1146 2101 211.

152 2146 266 2181 Jaltob
296 2146 439 2192 Zofller,
470 2145 608 2190 Bilryer
637 2147 668 2179 in
703 2145 834 2187 Briiun,
867 2145 1025 2189 rerlsaufl
1053 2146 1170 2178 seinen
1203 2143 1278 2188 Hos
1293 2146 1325 2176 iu
1348 2142 1639 2187 Percleloldsdorf
1653 2142 1724 2176 dem
1748 2141 1889 2174 Klosler
1911 2140 2019 2173 Saar.

786 2205 842 2240 DI.
876 2205 995 2239 Brome
1028 2204 1085 2239 12.
1117 2206 1253 2249 Auyus!
1287 2202 1394 2237 1394.

310 2283 404 2349 Ego
434 2302 579 2337 Jacobus
609 2303 714 2336 dictus
743 2301 870 2336 Zofsser
900 2305 1051 2335 concivis
1084 2300 1288 2334 Brunnensis
1318 2299 1521 2333 notumsacio
1552 2304 1668 2333 tenore
1698 2302 1909 2345 presencium
1940 2300 2021 2330 nni—

152 2367 274 2408 versia
313 2364 398 2410 quod
438 2367 547 2398 animo
586 2363 672 2396 bene
708 2362 892 2396 deliberato
932 2373 1062 2396 necnon
1093 2366 1123 2394 et
1154 2364 1336 2394 amicorum
1369 2371 1518 2394 meorum
1549 2361 1646 2406 pleno
1676 2359 1815 2393 consilio
1845 2357 2023 2404 prehabito

151 2428 276 2459 curiam
319 2436 426 2459 meam
465 2424 651 2458 allodialem
688 2427 720 2458 in
755 2423 833 2457 villa
872 2421 1128 2457 Perclitolsdorf
1161 2425 1268 2456 sitam.
1305 2432 1368 2466 que
1406 2420 1445 2454 ad
1485 2432 1537 2454 me
1575 2424 1637 2454 rite
1675 2419 1924 2454 racionabiliter
1962 2429 2023 2464 per

151 2491 293 2520 mortem
322 2489 425 2532 patris
455 2488 519 2519 mei
548 2488 601 2531 pie
632 2488 793 2519 memorie
824 2485 896 2518 sore
927 2484 1128 2517 devolutam.
1161 2481 1411 2516 honorabilibus
1441 2485 1471 2514 ct
1502 2481 1669 2525 religiosis
1698 2483 1781 2514 viris
1810 2491 1849 2513 ac
1879 2479 2022 2513 dominis

150 2546 291 2581 Nicolao
312 2546 421 2580 abbati
451 2551 481 2579 et
512 2548 693 2579 conventui
722 2548 915 2579 monasterii
938 2544 1051 2578 Fontis
1080 2548 1195 2578 sancte
1223 2543 1330 2577 Marie
1360 2545 1501 2585 virginis
1530 2545 1561 2575 in
1586 2541 1708 2584 Zaher,
1739 2541 1864 2575 ordinis
1885 2539 2019 2574 Cister-

151 2610 274 2642 ciensis
308 2607 488 2652 Pragensis
518 2606 673 2649 diocesis,
708 2606 856 2648 vendidi„
887 2605 1003 2639 tradidi
1039 2609 1069 2639 et
1091 2608 1175 2639 iuste
1196 2604 1404 2637 vendicionis
1426 2603 1530 2648 tytulo
1552 2601 1787 2636 condescendo
1808 2599 2019 2647 presentibus

153 2674 185 2703 et
213 2671 362 2714 resigno,
393 2679 452 2714 pro
481 2670 600 2712 viginti
631 2669 751 2700 marcis
780 2677 975 2711 grossorum
1006 2668 1221 2712 pragensium
1252 2664 1413 2698 bonorum
1444 2663 1657 2696 denariorum
1689 2665 1849 2696 inoravici
1889 2663 2018 2695 numeri

1814 2721 1874 2751 2⁴3*
