2313 3090
1264 184 1312 217 48

350 288 548 322 Benessium
578 294 607 322 et
639 288 805 322 dominum
836 287 1045 321 Laczkonem
1063 287 1102 320 de
1124 284 1285 320 Crawarz
1306 287 1442 320 fundato
1465 291 1496 319 et
1516 291 1720 330 constructo,
1742 289 1886 332 quinque
1906 287 2021 322 laneos
2042 288 2217 323 censuales

350 352 382 382 in
421 349 498 383 villa
537 349 651 394 Tyrna
689 360 761 381 cnm
801 347 951 381 omnibus
980 346 1163 380 redditibus
1193 346 1348 381 censibus
1377 346 1596 392 proventibus
1626 352 1657 380 et
1685 347 1911 382 usufructibus
1940 353 2039 394 atque
2067 348 2220 383 omnibus

352 410 558 455 singulisque
596 408 787 442 utilitatibus
824 413 853 441 et
893 410 1106 452 pertinenciis
1144 407 1242 452 pleno
1267 407 1345 449 jure
1383 411 1415 440 et
1453 403 1610 450 dominio,
1654 411 1751 453 prout
1789 410 1879 453 ipsos
1913 408 2030 442 laneos
2059 408 2220 443 hactenus

350 473 516 503 tenuimus
546 481 584 503 ac
613 469 833 515 possedimus.
865 468 994 501 devotis
1024 470 1054 500 in
1086 466 1219 500 Christo
1254 468 1424 501 canonicis
1453 466 1665 512 regularibus
1694 471 1887 502 monasterii
1915 472 2137 514 prenominati
2161 480 2222 515 per
2273 495 2277 497 -

352 533 442 575 ipsos
486 530 646 563 tenendos
686 529 855 562 habendos
894 533 991 572 atque
1029 527 1167 573 pacifice
1205 531 1366 572 perpetue
1405 527 1626 572 possidendos
1662 531 1737 573 post
1774 527 1896 561 obitum
1932 533 2094 573 nostrum,
2137 539 2219 574 quos
2269 530 2272 533 '

352 592 400 623 eis
423 590 584 626 largimur
602 589 811 634 presentibus
842 587 883 622 ob
913 588 1095 621 remedium
1126 590 1322 626 animarum
1351 587 1509 621 videlicet
1537 592 1652 621 nostre
1681 591 1713 621 et
1737 587 1869 622 domine
1889 589 1991 633 Agne
2016 589 2220 623 conthoralis

351 653 562 695 omniumque
593 652 841 694 progenitorum
872 653 1061 681 nostrorum
1097 653 1127 682 et
1157 648 1308 682 salutem.
1339 650 1458 693 quovis
1488 651 1519 681 in
1549 647 1610 682 hiis
1639 652 1753 681 nostro
1783 652 1815 681 et
1851 652 1996 683 omnium
2034 653 2217 696 amicorum

351 716 539 744 nostrornm
570 710 792 755 impedimenti
823 708 994 742 obstaculo
1024 713 1233 754 posttergato
1264 713 1295 742 et
1323 713 1465 742 remoto.
1495 708 1565 742 Nos
1587 719 1670 753 ergo
1690 707 1838 743 Joannes
1857 713 2047 755 prepositus
2067 715 2220 756 totusque

352 776 537 804 conventus
567 773 801 803 canonicorum
832 769 1035 813 regularium
1067 771 1259 803 monasterii
1287 770 1437 815 predicti,
1477 780 1519 802 ne
1556 769 1732 803 videamur
1760 771 1858 802 tantis
1886 769 2058 805 beneficiis
2086 773 2220 816 ingrati,

351 832 502 864 volentes
532 842 590 876 pro
621 832 818 863 transitoriis
848 834 879 862 et
908 829 1145 874 temporalibus
1174 829 1273 863 vobis
1300 829 1535 876 reimpendere
1562 834 1701 876 propter
1730 829 1827 863 deum
1848 830 2049 864 charismata
2070 831 2219 875 meliora,

351 891 446 924 vobis
477 891 608 924 domino
638 889 810 923 Alssikoni
842 894 873 923 et
894 890 1026 923 domine
1056 889 1158 935 Agne
1188 890 1373 924 conthorali
1402 894 1516 924 vestre
1547 895 1663 924 tenore
1691 893 1903 936 presencium
1924 893 2219 937 participacionem

350 952 478 997 plenam
503 951 717 985 concedimus
748 953 779 983 in
808 953 874 983 vita
904 954 1030 996 pariter
1059 955 1090 984 et
1106 953 1138 984 in
1148 947 1262 985 'morte
1279 954 1466 995 missarum,
1488 954 1694 994 oracionum,
1716 950 2008 995 abstinenciarum,
2029 951 2218 997 vigiliarum

351 1015 562 1057 omniumque
601 1011 776 1045 honorum.
807 1022 870 1055 que
908 1014 939 1044 in
969 1014 1173 1045 monasterio
1212 1016 1326 1045 nostro
1362 1011 1512 1057 predicto
1541 1023 1601 1057 per
1636 1016 1812 1057 presentes
1841 1016 1873 1045 et
1901 1016 2056 1058 posteros
2084 1016 2218 1046 nostros

350 1073 460 1106 divina
491 1071 700 1108 dignabimur
729 1071 911 1105 clemencia
942 1074 1088 1118 operari.
1118 1072 1339 1106 Addicientes
1367 1074 1504 1118 insuper
1524 1083 1568 1105 ex
1592 1074 1707 1116 gracia
1729 1072 1878 1117 speciali,
1909 1072 1996 1118 quod
2016 1083 2090 1106 cuin
2112 1071 2219 1106 obitus

350 1137 474 1166 vester.
523 1143 619 1177 quem
663 1132 814 1165 dominus
857 1132 938 1165 deus
981 1132 1112 1166 felicem
1160 1132 1270 1166 faciat.
1319 1131 1415 1166 nobis
1457 1135 1647 1178 nostrisque
1685 1132 1784 1166 fuerit
1825 1135 2005 1176 intimatus,
2044 1132 2219 1178 descriptis

349 1193 535 1226 nominibus
575 1195 696 1226 vestris
733 1196 764 1226 in
803 1193 1006 1226 calendario.
1045 1205 1106 1239 pro
1145 1196 1330 1226 animarum
1366 1197 1556 1226 vestrarum
1585 1192 1690 1226 salute
1720 1192 1805 1226 insta
1843 1195 2047 1227 tricesimum
2086 1195 2220 1237 triginta

351 1256 467 1286 missas
488 1255 519 1286 in
541 1256 705 1286 communi
723 1252 919 1290 tenebimus*
951 1256 1086 1300 insuper
1114 1254 1235 1298 singuli
1272 1252 1451 1299 presbiteri
1488 1253 1636 1298 singulas
1665 1256 1784 1288 missas
1813 1258 1846 1287 et
1875 1256 1930 1299 qui
1957 1253 2124 1300 presbiter
2152 1264 2219 1287 non

351 1318 397 1346 est
429 1316 664 1359 qninquaginta
693 1314 850 1359 psalmos.
882 1317 1038 1348 conversi
1068 1325 1152 1348 vero
1190 1317 1427 1360 quinquaginta
1465 1318 1560 1360 pater
1596 1319 1712 1348 noster
1749 1325 1823 1348 cum
1853 1314 1990 1348 totidem
2020 1325 2084 1348 ave
2112 1313 2217 1348 Maria

349 1374 432 1407 infra
464 1377 665 1408 tricesimum
696 1374 885 1420 complere:
915 1377 1182 1408 anniversarium
1214 1379 1324 1409 antem
1353 1379 1502 1409 vestrum
1519 1376 1616 1419 juxta
1636 1378 1791 1408 statutum
1813 1375 1938 1409 ordinis
1959 1375 2097 1420 singulis
2124 1377 2218 1409 annis

349 1435 446 1468 vohis
475 1446 687 1480 peragemus.
718 1434 754 1468 In
787 1437 879 1468 cuins
910 1435 1057 1469 dacionis
1087 1435 1279 1469 collacionis
1310 1437 1553 1480 assignacionis
1582 1435 1776 1469 donacionis
1804 1437 2074 1481 participacionis
2103 1439 2217 1469 nostre

349 1499 572 1529 testimoninm
615 1500 645 1529 et
682 1495 783 1529 robur
818 1498 849 1528 in
888 1500 1084 1542 perpetuum
1122 1497 1301 1530 valiturum
1344 1499 1520 1542 presentes
1562 1495 1675 1529 literas
1718 1494 1789 1529 fieri
1829 1495 1995 1529 voluimus
2033 1495 2216 1540 sigillorum

349 1556 504 1589 nobilium
544 1557 767 1602 predictorum
806 1556 1014 1589 dominorum
1052 1569 1090 1590 ac
1129 1557 1339 1591 fundatorum
1376 1568 1415 1590 ac
1443 1559 1548 1590 nostri
1577 1567 1709 1590 necnon
1738 1559 1949 1602 prepositure
1978 1559 2218 1590 canonicorum

349 1616 551 1659 regularium
578 1616 781 1662 prefatorum
803 1620 1008 1662 appensione
1030 1620 1187 1651 munitum
1209 1617 1396 1651 roboratas.
1426 1617 1547 1650 Datum
1577 1621 1609 1650 et
1638 1621 1746 1651 actum
1767 1628 1854 1651 anno
1881 1617 2056 1652 millesimo
2077 1621 2217 1651 trecen-

350 1679 467 1709 tesimo
497 1680 716 1721 nonagesimo
746 1679 852 1722 primo
882 1678 956 1711 loco
985 1682 1174 1724 prenotato,
1209 1678 1338 1711 decima
1367 1677 1419 1711 die
1449 1679 1573 1711 mensis
1603 1676 1803 1711 decembris.

660 1834 817 1860 1’Ὴιηιιιευικ
844 1835 878 1859 iin
905 1843 939 1858 m.
966 1833 1217 1859 Laudes-Archiv.
1243 1833 1281 1858 M.
1307 1834 1358 1862 lv,
1386 1834 1408 1862 Ι,
1432 1843 1498 1868 pag.
1531 1834 1593 1867 13.)

1243 2057 1318 2092 58.

1006 2152 1099 2195 Pray
1129 2151 1187 2186 12.
1220 2152 1415 2186 December
1442 2152 1555 2186 1391.

505 2245 710 2310 ''arkgras
734 2265 842 2298 Jodok
872 2265 1020 2309 gebietet
1049 2266 1111 2299 den
1139 2265 1373 2299 Rathmannen
1403 2278 1443 2299 zn
1464 2265 1721 2311 Brandenbmg
1751 2264 1876 2308 Berlin,
1905 2263 2003 2308 Kffln,
2033 2263 2214 2298 Frankfurt

350 2327 411 2358 und
453 2330 481 2359 in
522 2327 606 2360 allen
646 2327 783 2360 Stadten
824 2327 883 2359 der
921 2326 1104 2370 N‹·11n1ark‚
1146 2327 1208 2361 den
1239 2326 1322 2360 Boto
1362 2338 1428 2361 von
1460 2317 1675 2361 Casiolowiiz
1714 2326 1762 2359 als
1791 2325 2001 2372 Hauptmann
2031 2325 2091 2359 der
2119 2323 2214 2359 Mark

349 2386 618 2421 anzncrkennen.
658 2386 723 2420 ihm
763 2387 814 2420 dic
854 2387 1163 2421 landeslicrrlichen
1202 2387 1370 2433 Abgaben
1409 2387 1500 2421 nicht
1527 2386 1806 2421 vorzuenthalten
1842 2386 1907 2420 und
1935 2389 1967 2420 in
1997 2386 2055 2420 des
2084 2385 2214 2420 Laudes

350 2446 482 2480 Saclicn
515 2447 681 2481 behilllicli
711 2459 751 2481 zu
781 2450 863 2482 sein.

661 2613 773 2639 (Histris-i
801 2613 871 2641 (Uul,
900 2614 1004 2641 izi-anit,
1033 2614 1062 2641 it,
1091 2614 1143 2642 ΙΙΙ,
1173 2615 1255 2640 ll›l.i
