2313 3090
1008 172 1054 205 59

98 271 302 317 1110010101ος
331 280 406 321 puta
437 278 576 321 primam
598 278 732 309 missam
755 276 899 321 qnalibet
919 280 1031 322 quinta
1052 277 1135 310 feria
1157 276 1198 309 de
1218 287 1363 322 corpore
1385 275 1507 309 Christi
1529 275 1755 316 0011050001ος
1785 275 1966 308 secundam

97 335 242 381 quolibet
278 335 442 370 sabbatho
472 336 524 369 die
554 336 594 370 de
624 336 719 370 beata
751 339 883 382 virgine
913 338 1064 370 similiter
1094 337 1299 371 indiescente
1329 337 1515 371 cantando:
1550 339 1687 369 terciam
1720 347 1802 369 vero
1834 338 1967 369 missam

96 396 327 430 defunctorum
357 407 418 442 pro
447 397 673 442 predictarum
703 401 887 431 animarum
920 398 1038 441 salute,
1068 398 1248 444 specialem
1270 401 1465 431 memoriam
1488 408 1602 431 earum
1626 397 1753 430 faciens
1774 399 1805 429 in
1827 396 1967 434 eadem,

95 461 128 492 et
165 462 328 504 quartam,
368 469 432 502 que
470 457 531 492 sibi
571 458 732 503 placuerit
761 459 832 492 aliis
862 459 990 497 diebus,
1022 458 1139 505 quibus
1169 458 1336 493 videbitur
1365 459 1539 504 expedire,
1569 458 1756 492 scolasticis
1786 457 1826 491 ad
1857 457 1967 491 scolas

96 530 196 553 unum
216 530 372 563 grossum
394 522 541 564 ipsorum
563 530 623 565 pro
654 518 822 553 laboribus
852 519 997 565 qualibet
1026 523 1211 566 septimana
1242 523 1272 552 111
1302 524 1498 565 perpetuum
1531 518 1718 552 tribuendo.
1749 518 1790 552 Et
1819 517 1968 551 nichilo-

96 584 202 614 minus
237 580 386 626 prefatus
419 580 577 614 Andreas
616 583 647 613 in
678 580 772 614 sestis
811 580 933 614 Christi
970 585 998 614 01
1031 584 1205 626 genitricis
1234 592 1305 617 sue,
1346 591 1385 613 ac
1415 581 1486 614 aliis
1516 579 1699 624 majoribus
1729 578 1965 613 festivitatibus

56 688 68 691 “
94 644 259 686 vesperis,
281 643 460 684 matutinis,
483 643 590 675 missis
613 645 644 674 et
673 645 882 686 processioni
912 642 1010 676 dehet
1039 642 1263 688 superpelicio
1294 642 1425 675 indutus
1446 652 1586 686 presens
1609 652 1696 675 esse.
1727 639 1836 674 Debet
1861 642 1965 672 eciam

94 701 241 748 prefatus
263 702 410 735 altarista
432 713 506 735 cum
527 701 670 747 plebano
693 701 812 735 ibidem
834 705 865 736 in
889 702 1061 746 Slewings
1083 714 1252 748 expensas
1283 702 1419 737 11011010,
1450 712 1510 747 pro
1531 701 1784 746 quibusquidein
1808 703 1967 745 expensis

94 767 235 808 quatuor
255 773 447 807 sexagenas
468 773 665 807 grossorum
688 765 747 808 ipsi
769 763 911 808 plebano
941 764 1081 808 singulis
1102 767 1197 797 annis
1219 768 1349 796 tenetur
1370 763 1544 809 expedire,
1576 773 1706 795 necnon
1725 762 1765 795 de
1795 758 1968 807 piscinuhs

93 823 318 869 predictorum
345 822 507 857 bonorum
529 823 591 857 sibi
620 824 728 869 quoad
759 825 949 859 usufructus
970 824 1259 863 condescendere„
1281 823 1423 857 debitam
1455 826 1560 856 eciam
1591 822 1651 856 sibi
1674 825 1907 855 reverenciam
1939 826 1971 854 et

93 883 324 918 obedienciam
354 889 562 918 ostensurus.
594 884 735 930 Insuper
751 897 812 918 1105
833 885 1000 919 Ilenricus
1026 887 1278 930 prenominatus
1295 896 1360 918 non
1378 884 1530 918 obstante
1548 887 1610 916 iani
1629 884 1713 916 dicta
1735 888 1847 916 nostra
1871 882 1969 915 ordi-

92 948 234 979 nacione
255 945 364 979 taliter
384 946 598 980 decrevimus
623 949 759 979 omnino
790 945 915 980 habere
942 946 1105 990 volentes,
1134 957 1233 991 quum
1251 945 1442 991 sepedictus
1464 944 1624 978 Andreas
1650 944 1816 978 altaristas
1839 943 1967 977 ublatus

94 1006 193 1040 fuerit
212 1005 320 1040 abhac
340 1006 425 1050 luce,
447 1018 491 1040 ex
512 1011 589 1040 tunc
610 1009 760 1052 protinus
790 1008 830 1040 de
860 1010 1018 1052 pretactis
1048 1006 1143 1041 bonis
1174 1011 1206 1040 et
1236 1008 1402 1039 universis
1430 1016 1545 1038 eornm
1568 1007 1785 1050 pertinenciis
1807 1003 1969 1049 plebanus

92 1067 236 1101 ecclesie
266 1070 464 1113 prescripte,
501 1070 555 1112 qni
584 1078 644 1113 pro
675 1072 825 1113 tempore
856 1067 966 1107 suern,
996 1079 1032 1101 se
1062 1067 1161 1101 debet
1191 1071 1344 1112 potenter
1374 1069 1595 1099 intromittere
1625 1077 1732 1110 eaque
1762 1077 1836 1098 cuni
1869 1065 1967 1110 pleno

92 1127 238 1162 dominio
276 1132 310 1161 ut
339 1131 549 1174 premittitur,
588 1128 735 1162 exclusis
773 1128 1027 1173 gubernacione
1065 1133 1097 1162 et
1127 1128 1277 1161 emendis
1307 1129 1460 1172 superius
1490 1130 1677 1172 expressis,
1718 1126 1821 1159 libere
1852 1131 1967 1159 tenere

91 1192 123 1221 et
161 1191 403 1234 imperpetuum
441 1189 616 1235 possidere
654 1188 793 1234 pacifice
832 1194 863 1222 et
902 1192 1033 1234 quiete,
1069 1189 1187 1223 talibus
1226 1191 1332 1222 eciam
1372 1190 1545 1233 expressis
1584 1186 1848 1223 condicionibus.
1880 1187 1965 1231 quod

91 1249 227 1295 quilibet
255 1249 416 1297 plebanus
455 1253 558 1296 ipsius
597 1251 741 1285 ecclesie
779 1254 811 1284 in
850 1250 1022 1295 Slewings
1061 1250 1208 1284 exclusis
1247 1248 1399 1283 omnibus
1430 1251 1566 1282 vicariis
1596 1253 1628 1281 et
1665 1248 1846 1294 capellanis
1876 1250 1966 1280 circa

91 1312 211 1346 dictam
241 1312 418 1346 ecclesiam
449 1311 621 1357 hucusque
650 1314 748 1345 tentis
778 1316 811 1345 et
839 1311 972 1349 habitis,
1003 1310 1169 1345 tenebitur
1198 1315 1229 1344 et
1259 1314 1390 1344 tenetur
1419 1309 1545 1343 habere
1575 1313 1606 1342 et
1636 1311 1806 1354 perpetuis
1830 1313 1967 1354 tempo-

90 1372 180 1406 ribus
210 1375 242 1406 in
272 1375 340 1407 suis
370 1375 528 1418 expensis
550 1372 669 1406 fovere
690 1383 789 1405 unum
811 1372 966 1405 idoneum
989 1371 1225 1418 presbyterum
1260 1371 1441 1417 specialem
1463 1369 1614 1414 ejusdem
1636 1370 1749 1403 altaris
1769 1369 1966 1402 altaristam.

89 1437 142 1468 cui
185 1438 327 1480 quatuor
370 1445 563 1479 sexagenas
606 1444 804 1479 grossorum
848 1436 981 1467 nomine
1020 1436 1123 1479 precii
1167 1432 1256 1466 dabit
1289 1436 1321 1465 et
1357 1430 1477 1465 tribuet
1515 1432 1695 1471 annuatim,
1740 1433 1794 1475 qui
1833 1429 1964 1475 quidem

90 1495 237 1529 altarista
267 1495 306 1528 ad
337 1498 447 1529 omnia
478 1498 640 1540 premissa
672 1494 865 1540 perag-enda
896 1499 926 1527 et
952 1494 1151 1539 exequenda
1181 1493 1410 1527 indesinenter
1439 1496 1471 1525 et
1500 1494 1572 1525 sine
1603 1494 1721 1536 quavis
1752 1491 1964 1535 negligencia

90 1557 131 1588 sit
159 1555 350 1589 adstrictus.
380 1556 416 1589 In
445 1567 525 1589 casu
555 1566 651 1598 vero,
682 1558 709 1589 si
739 1558 901 1600 quispiam
932 1554 1161 1600 plebanorum.
1193 1557 1245 1599 qui
1276 1565 1336 1599 pro
1357 1558 1508 1598 tempore
1529 1552 1640 1587 fuerit,
1671 1555 1966 1596 quocienscunque

90 1627 190 1650 unum
226 1616 450 1662 presbiterum
486 1617 666 1663 specialem
697 1616 796 1650 inodo
826 1618 991 1661 premisso
1030 1616 1068 1649 ad
1109 1616 1274 1661 prefatum
1313 1615 1418 1648 altare
1448 1625 1514 1647 non
1544 1617 1686 1650 teneret,
1726 1624 1768 1646 ex
1800 1617 1875 1645 tnnc
1906 1623 1966 1645 nos

90 1682 144 1711 aut
182 1677 327 1712 heredes
364 1683 396 1712 et
434 1689 653 1712 successores
692 1680 795 1711 nostri
835 1677 890 1711 vel
928 1679 1032 1711 nostri
1071 1679 1205 1710 nominc
1245 1678 1338 1709 cives
1375 1677 1518 1709 civitatis
1562 1678 1676 1707 nostre
1725 1677 1757 1707 in
1794 1672 1966 1715 Slewings

90 1739 252 1785 predicte,
281 1741 335 1784 qui
364 1750 425 1785 pro
456 1743 607 1784 tempore
637 1738 769 1777 fuerint,
802 1741 907 1784 ipsum
940 1749 1077 1771 monere
1099 1737 1232 1779 debent,
1264 1741 1296 1769 ut
1316 1736 1401 1769 infra
1424 1747 1521 1768 unum
1545 1746 1694 1768 mensem
1717 1734 1757 1767 de
1778 1733 1966 1779 presbitero

89 1800 210 1834 idoneo
248 1802 310 1845 ipsi
346 1799 441 1833 altari
478 1799 665 1846 provideat,
703 1804 736 1832 ut
774 1800 953 1845 prefertur.
1012 1797 1134 1844 Elapso
1169 1802 1279 1831 autem
1311 1808 1426 1830 mense
1456 1796 1606 1842 predicto
1636 1808 1653 1828 a
1685 1795 1736 1828 dic
1769 1797 1965 1828 inonicionis

90 1863 246 1894 continue
284 1861 520 1906 computande,
559 1865 591 1894 et
629 1863 656 1894 si
692 1859 841 1906 prefatus
880 1858 1040 1905 plebanus
1079 1858 1267 1901 hujusmodi
1309 1860 1530 1890 monicionem
1562 1868 1627 1889 non
1658 1856 1866 1897 adverteret,
1907 1854 1963 1888 sed

90 1921 302 1967 negligenter
330 1924 552 1967 pertransiret
581 1924 691 1954 animo
722 1932 787 1954 11011
818 1923 958 1961 curanti,
989 1931 1031 1953 ex
1062 1924 1138 1952 tunc
1169 1930 1241 1961 nos,
1273 1918 1418 1952 heredes
1449 1922 1480 1951 et
1509 1928 1728 1952 successores
1759 1919 1862 1949 nostri
1886 1927 1962 1948 mox

90 1993 266 2028 possumus
302 1987 357 2016 aut
395 1985 499 2016 nostri
536 1985 671 2015 nomine
710 1985 803 2015 cives
842 1984 986 2015 civitatis
1023 1985 1136 2015 nostre
1176 1979 1325 2025 predicte
1355 1982 1494 2024 possunt
1525 1982 1556 2011 et
1586 1977 1707 2010 debent
1738 1977 1777 2009 de
1807 1979 1964 2022 pretactis

91 2043 185 2077 bonis
223 2054 259 2077 se
288 2048 442 2089 potenter
472 2046 692 2077 intromittere
721 2043 893 2089 sepedicto
923 2042 1017 2075 altari
1048 2042 1088 2075 de
1118 2041 1304 2086 presbitero
1336 2039 1552 2086 providentes
1584 2039 1718 2079 idoneo,
1759 2041 1812 2082 qui
1858 2040 1963 2082 ipsum

90 2105 207 2147 altare,
236 2109 270 2137 ut
299 2107 496 2150 premissum
527 2109 588 2145 est,
619 2103 729 2138 debite
759 2108 853 2148 regat
884 2108 914 2136 01
945 2106 1054 2136 omnia
1087 2102 1171 2135 bona
1202 2104 1431 2147 prenominata
1454 2100 1493 2133 ad
1516 2104 1665 2145 tempora
1689 2102 1755 2132 vito
1776 2110 1835 2131 sue
1857 2097 1961 2130 libere

91 2170 201 2199 teneat
240 2170 271 2198 et
309 2176 382 2199 cuin
422 2165 520 2211 pleno
559 2165 704 2198 dominio
744 2165 911 2211 possideat
952 2164 1011 2197 sub
1051 2163 1176 2197 eisdem
1216 2161 1468 2195 0011111011111111115
1509 2165 1540 2193 01
1570 2159 1738 2201 clausulis,
1777 2163 1869 2203 prout
1904 2170 1963 2203 per

91 2229 200 2259 omnia
230 2226 400 2271 sepefatus
431 2226 598 2268 Andreas,
643 2229 768 2271 primus
798 2229 899 2271 ipsius
929 2226 1042 2258 altaris
1072 2224 1276 2270 capellanus,
1308 2222 1452 2268 possedit
1485 2227 1513 2255 et
1546 2224 1660 2258 tenuit,
1691 2219 1962 2253 001111111110010110

91 2286 236 2333 plebani,
266 2289 319 2331 qui
349 2297 408 2332 pro
440 2292 590 2332 tempore
621 2286 730 2329 fuerit,
761 2290 893 2332 penitus
923 2298 987 2320 non
1019 2285 1183 2319 obstante.
1216 2284 1293 2317 Post
1323 2287 1463 2316 mortem
1496 2294 1577 2316 vero
1609 2282 1755 2314 altat-iste
1787 2283 1834 2313 sic
1864 2280 1961 2312 electi

91 2353 122 2382 et
161 2348 318 2392 deinceps
357 2350 597 2392 imperpetuum
637 2351 798 2392 quociens
838 2352 1060 2393 opportunum
1102 2346 1211 2379 suerit.
1252 2356 1324 2380 nos,
1363 2343 1507 2377 heredes
1546 2347 1577 2375 et
1607 2352 1825 2375 successores
1860 2342 1963 2373 nostri

90 2409 184 2442 altari
215 2412 365 2454 pretacto
395 2408 435 2441 dc
465 2407 652 2453 presbitero
683 2409 803 2441 idoneo
834 2408 943 2453 aliquo
975 2408 1073 2440 inodo
1104 2410 1342 2452 premissorum
1375 2403 1563 2438 tenebimur
1594 2402 1786 2448 providere.
1820 2401 1961 2434 Deinuni

91 2480 152 2503 nos
188 2468 353 2502 Henricus
390 2469 430 2501 dc
471 2467 665 2502 Nouadomo
705 2469 837 2502 dotator
873 2468 1062 2514 principalis
1100 2470 1319 2513 promittimus
1359 2465 1420 2499 11110
1455 2468 1586 2497 sincera
1617 2474 1690 2495 01101
1723 2461 1901 2495 heredibus
1932 2466 1963 2494 et

90 2529 344 2564 successoribus
374 2532 496 2563 nostris
526 2532 692 2563 universis
722 2529 872 2575 sepefata
893 2529 979 2562 bona
1001 2529 1112 2562 altaris
1134 2530 1307 2562 memorati
1330 2539 1346 2559 a
1369 2525 1511 2571 quolibet
1536 2524 1669 2557 homine
1692 2526 1760 2568 ipsa
1782 2526 1962 2568 impetente

90 2603 148 2625 5011
187 2593 306 2636 quovis
347 2590 443 2623 inodo
483 2592 644 2634 impetere
683 2590 817 2623 volente
848 2589 1047 2627 disbriffare.
1089 2593 1269 2634 protegere
1300 2592 1331 2619 et
1361 2585 1552 2619 omnimodo
1583 2583 1753 2625 libertare,
1784 2595 1823 2616 ac
1853 2586 1959 2616 eciam

89 2652 274 2698 predictum
320 2650 489 2684 Andream
520 2650 699 2683 altaristain
731 2661 861 2683 necnon
905 2662 945 2683 eo
975 2650 1201 2683 descendente
1233 2648 1406 2693 plebanum
1439 2647 1478 2679 de
1519 2645 1690 2685 Sti-winus
1726 2643 1890 2689 prefatum
1931 2648 1963 2675 et

1775 2702 1812 2729 83:
