2313 3090
1014 228 1086 261 399

115 334 248 377 gracias
285 330 398 365 refero
438 335 506 365 toto
540 342 651 376 posse.
683 331 820 366 Verum.
851 332 986 366 illustris
1016 335 1183 377 princeps,
1214 330 1300 376 quod
1332 331 1372 365 de
1403 330 1465 364 hiis
1495 329 1644 363 modieis.
1675 340 1739 374 que
1768 331 1921 373 prompto
1951 331 1981 361 et

120 392 315 438 obsequenti
345 395 454 425 animo
485 394 574 425 circa
604 392 691 425 facta
722 393 861 426 ducatus
891 404 929 426 ac
960 397 1124 426 terrarum
1154 396 1343 425 vestrarum
1374 391 1414 425 de
1434 389 1647 434 Lucemborg
1667 400 1727 435 per
1748 401 1799 422 me
1821 388 1982 422 hactenus

116 457 211 499 gesta
241 452 348 497 fuere.
378 455 527 498 graciam
558 452 636 486 mihi
665 453 848 499 rependitis
879 456 995 487 merita
1026 452 1274 498 precedentem.
1305 451 1526 485 Affirmanter
1555 450 1678 491 scribo.r
1708 461 1760 483 me
1790 449 1829 482 ad
1870 453 1982 482 vestre

120 513 324 549 celsitudinis
345 512 552 559 beneplacita
578 517 608 546 et
639 517 782 547 servicia
814 518 966 559 prompto
997 513 1164 547 desiderio
1194 516 1341 546 existere
1371 516 1583 558 preparatum
1607 515 1672 544 tani
1694 509 1983 556 contemplacione

119 576 310 609 serenitatis
339 579 373 608 et
400 573 573 619 probitatis
603 579 729 609 vestre.
760 586 856 619 quam
887 574 971 608 illius
1002 576 1153 608 immensi
1183 576 1317 616 amoris,
1349 584 1446 618 quem
1478 583 1577 618 supra
1607 574 1698 606 vires
1719 574 1981 617 perseveranter

117 638 238 669 retinet
274 635 314 669 ad
354 634 641 679 magnificenciam
680 640 828 669 vestram
863 636 998 669 illustris
1034 635 1186 668 dominus
1222 645 1315 667 meus
1354 634 1421 667 dux
1450 632 1681 675 Biturieensis„
1713 634 1982 676 eonsanquineus

68 708 92 724 ε
115 700 231 730 vester
259 698 465 729 carissimus.
496 695 536 729 Et
565 695 652 740 quod
683 696 912 729 celsitudinem
942 701 1090 730 vestram
1121 698 1151 728 in
1182 697 1332 740 proxima
1359 696 1633 738 congregacione
1655 693 1862 726 dominorum
1885 695 1982 738 prtu-

120 759 228 802 cipum
267 756 410 790 Francie
450 761 481 790 et
520 756 697 790 Alamanie
736 762 934 791 reverenter
973 761 1116 802 expecto
1156 755 1284 794 videre,
1324 766 1388 788 non
1426 754 1565 799 amplius
1595 756 1793 798 scripturam
1824 752 1982 786 extendo.

120 816 186 851 Sed
226 817 290 851 hoc
326 828 426 851 unum
465 817 627 863 supplico,
658 822 820 862 quatenus
850 829 909 863 pro
940 817 992 851 dei
1022 816 1252 850 misericordia
1283 820 1313 849 et
1344 815 1516 849 christiani
1547 817 1690 848 nominis
1721 816 1920 847 reverencia
1952 817 1984 846 et

117 877 223 912 salute
251 878 291 912 ad
321 882 436 912 sancte
466 880 581 911 matris
603 877 747 911 ecclesie
768 881 922 911 unionem
945 883 976 912 ct
996 888 1112 924 pacem
1134 881 1248 910 vestre
1270 875 1524 921 magnificencie
1546 875 1762 920 prudenciam
1784 873 1984 907 indesinenti

119 938 258 973 dextera
297 937 465 984 prebeatis
497 939 593 982 juxta
629 937 809 972 nobilitatis
844 943 873 971 et
914 941 1068 984 potencie
1104 940 1265 982 graciam.
1297 936 1393 970 vobis
1423 949 1439 969 a
1470 936 1532 969 deo
1563 947 1621 981 pre
1652 937 1774 968 ceteris
1805 934 1983 968 Alamanie

119 998 323 1046 principibus
360 1001 572 1045 impertitam.
611 997 695 1032 Nam
735 1002 795 1032 etsi
834 1003 918 1032 teste
956 999 1019 1033 deo
1058 1004 1089 1032 ct
1128 998 1290 1032 suadente
1329 1002 1441 1031 nostra
1475 998 1610 1041 justicia
1648 1007 1733 1041 gens
1776 995 1983 1029 Francorum

120 1060 287 1094 dominum
325 1058 532 1094 Clementem
568 1059 683 1094 VII.¹¹'n
708 1064 740 1093 et
778 1064 896 1105 expost
937 1059 1104 1093 dominum
1145 1059 1360 1093 BenedIctnm
1391 1057 1522 1092 X111.⁰¹¹¹
1548 1069 1608 1103 pro
1637 1056 1838 1090 universalis
1867 1058 1984 1100 gregis

119 1121 172 1155 dei
208 1124 301 1155 veris
336 1119 526 1166 pastoribus
555 1126 587 1154 et
616 1123 754 1154 summis
783 1120 992 1166 pontificibus
1022 1119 1244 1153 indubitanter
1274 1118 1395 1152 habeat
1423 1123 1456 1152 et
1485 1118 1659 1159 habuerIt;
1698 1129 1739 1150 ne
1779 1122 1888 1150 tamen
1924 1127 1984 1162 per

118 1186 234 1217 nostre
258 1183 394 1226 justicie
423 1185 711 1216 manutenenciam
743 1184 930 1225 rigorosam
962 1185 1115 1227 oporteat
1144 1185 1293 1215 sanctam
1325 1184 1465 1213 matrem
1495 1179 1673 1212 ecclesiam
1703 1180 1750 1211 sic
1781 1176 1985 1223 prochdclor

119 1247 150 1278 in
165 1247 364 1290 perpetuum
384 1245 486 1276 cisma
516 1243 667 1289 produci,
698 1245 804 1276 visum
828 1247 877 1276 est
893 1245 974 1276 viris
991 1240 1255 1287 sapiencioribus
1276 1246 1308 1274 et
1329 1240 1460 1274 devotis
1481 1239 1665 1285 expediens
1686 1241 1801 1283 pocius
1824 1240 1982 1279 existere.

119 1304 206 1350 quod
234 1314 295 1350 per
323 1307 496 1349 utriusque
525 1303 804 1337 contendencium
836 1306 1023 1337 cessionem
1054 1305 1125 1348 ipsa
1147 1306 1253 1335 mater
1274 1304 1404 1335 uniatur
1425 1300 1581 1342 ecclesia,
1602 1310 1699 1344 quam
1721 1310 1781 1344 per
1801 1298 1984 1332 radicatam

121 1364 358 1399 adherenciam
396 1368 559 1410 perpetuo
593 1369 728 1398 maneat
763 1368 810 1398 sic
850 1364 966 1407 divisa.
1007 1374 1080 1396 cum
1118 1366 1149 1396 et
1179 1373 1222 1395 ex
1252 1361 1313 1395 hac
1344 1361 1509 1395 divisione
1538 1359 1741 1405 prochdolor
1770 1358 1984 1393 exhorrenda

120 1425 306 1460 Turcorum
336 1430 484 1459 armetur
512 1424 662 1471 perfidia„
693 1424 865 1459 christiani
894 1426 1036 1458 nominis
1066 1423 1295 1469 prophanetur
1325 1421 1468 1456 devocio
1489 1425 1521 1455 et
1541 1419 1800 1454 adversitatibus
1821 1419 1984 1464 bellisque

120 1486 273 1521 omnibus
301 1486 439 1531 grandis
469 1489 604 1520 occasio
634 1490 840 1532 preparetur.
873 1484 1028 1518 Ceterum
1054 1484 1184 1531 prefato
1206 1482 1392 1517 honorabili
1411 1481 1572 1516 scutifero
1594 1485 1708 1515 vestre
1731 1479 1984 1525 magnificencie

121 1547 260 1593 quedam
298 1546 478 1581 referenda
515 1549 678 1589 commisi‚
715 1558 778 1591 que
813 1545 874 1580 sub
911 1545 1049 1580 silencio
1087 1545 1194 1578 donec
1232 1547 1263 1577 in
1302 1548 1430 1589 tempus
1472 1542 1627 1576 idoneum
1671 1542 1826 1586 dignetur
1868 1541 1985 1574 eadem

120 1607 374 1654 magnificencia
413 1619 605 1642 reservare.
646 1606 753 1649 Quam
792 1607 934 1640 feliciter
972 1609 1068 1650 regat
1105 1610 1135 1638 et
1175 1605 1296 1649 dirigat
1334 1603 1511 1638 altissimus
1553 1603 1655 1647 longo
1698 1613 1774 1635 evo.
1816 1601 1984 1647 Scriptum

123 1668 258 1703 Parisiis
287 1667 415 1703 XXIIP
445 1667 645 1702 decembris.

273 1728 397 1763 Vestre
434 1727 689 1774 magnificencie
726 1732 840 1762 orator
878 1727 1114 1761 devotissimus
1144 1728 1321 1771 episcopus
1350 1724 1583 1767 Pictaviensis,
1613 1722 1832 1757 cancellarius
1863 1722 1985 1755 domini

77 1837 84 1845 ι
121 1790 214 1824 ducis
241 1789 472 1824 Bituricensis.

432 1902 525 1937 (Orig.
551 1903 622 1937 Pap.
647 1903 698 1928 mit
720 1911 777 1928 von
801 1903 894 1928 anssen
919 1900 1044 1932 beigedr.
1071 1900 1234 1925 verletztem
1260 1898 1317 1930 Sig.
1343 1899 1388 1923 die
1414 1898 1537 1924 Adresse
1564 1898 1668 1923 latitet:
1693 1897 1801 1922 Illustri
1826 1899 1853 1921 et
1878 1895 1987 1929 magni-

328 1954 384 1981 fico
416 1955 539 1989 principi
572 1963 605 1980 ae
629 1955 744 1981 domino
777 1954 890 1980 domino
923 1953 1078 1978 marchioni
1113 1951 1381 1985 Brandenburgensi
1414 1953 1442 1976 et
1466 1950 1623 1976 marchioni
1648 1958 1681 1974 ae
1707 1949 1821 1974 domino
1846 1948 1986 1974 Moravie.

328 2007 442 2033 domino
467 2016 528 2033 ineo
553 2003 748 2044 honoranda)

1005 2168 1110 2204 442.

749 2248 853 2293 Pray.
884 2248 943 2281 20¹.
977 2246 1168 2281 December
1201 2245 1309 2278 1397.

289 2324 494 2390 Markgraf
528 2345 661 2391 Prokop
696 2344 842 2379 schreibt
883 2344 946 2377 den
986 2342 1141 2384 Burgi-ern
1171 2352 1236 2373 von
1267 2339 1367 2373 'l‘ans.
1398 2342 1446 2372 sie
1477 2343 1597 2383 mogen
1628 2341 1659 2371 in
1691 2338 1897 2382 Gegenwart
1928 2336 1987 2370 des

124 2405 252 2451 Prager
279 2404 519 2439 Erzbischofes
549 2405 716 2439 Wolfram
747 2406 810 2439 und
842 2406 901 2439 des
930 2403 1247 2438 [atei-kammerers
1277 2400 1335 2433 des
1365 2398 1611 2443 Konigreiclies
1643 2397 1792 2430 Boluuen
1827 2396 1987 2442 plausible

124 2465 261 2500 Griinde
296 2465 463 2511 angeben,
502 2477 632 2500 warum
672 2466 723 2500 ihr
763 2465 897 2500 Pfarrer
926 2468 1019 2499 scine
1051 2463 1194 2496 l'srunde
1225 2462 1277 2494 t'iir
1307 2463 1381 2494 eine
1411 2460 1536 2492 andere
1566 2457 1783 2491 eintauschen
1813 2457 1907 2491 solle.
1939 2477 1987 2481 —

126 2526 179 2561 Dt.
209 2526 318 2572 Prage
347 2525 429 2560 feria
459 2525 516 2559 IV.
548 2526 600 2559 die
629 2538 657 2560 s.
688 2526 849 2572 Stephani
882 2525 993 2560 1:397.

437 2648 540 2683 (Copie
567 2648 603 2673 im
628 2648 735 2682 konigL
760 2648 855 2675 butun.
884 2648 1035 2682 Museuin.)
