2313 3090
1196 178 1269 213 336

298 289 456 322 donariis.
497 288 697 322 hominibus.
729 288 878 321 decimis.
910 288 1001 330 agris
1031 284 1126 318 cultis
1157 289 1187 317 et
1218 285 1360 319 incultis.
1392 289 1506 331 pratis.
1537 288 1681 331 pascuis.
1713 288 1818 330 aquis.
1849 295 2010 329 aquarum
2041 284 2169 317 decur-

299 350 401 391 sibus.
452 348 702 394 piscationibus.
755 348 876 392 sylvis.
929 345 1068 379 rubetis.
1116 345 1283 390 virgultis.
1327 346 1535 380 nemoribus.
1584 345 1830 380 venationibus.
1878 343 2168 390 aucupationibus,

298 409 576 455 impositionibus.
616 412 748 442 steuris.
780 410 939 442 servitiis,
969 418 1008 439 ac
1037 406 1244 450 generaliter
1268 410 1436 440 universis
1465 406 1686 452 proventibus
1716 411 1747 439 et
1776 408 1998 451 pertinentiis,
2028 404 2170 450 quibus-

298 482 429 515 cunque
468 470 656 503 nominibus
694 469 827 501 valeant
858 467 1033 500 declarari.
1078 472 1108 499 et
1139 467 1178 500 ad
1209 467 1329 500 dictam
1359 467 1472 500 villam
1502 471 1577 500 sunt
1606 469 1817 512 pertinentia.
1861 477 1936 499 cuin
1964 465 2065 511 pleno
2091 466 2169 509 jure

297 536 327 565 et
358 532 502 564 dominio
533 530 658 574 alisque
689 530 918 562 diminutione.
953 532 1051 573 prout
1080 538 1141 560 nos
1171 531 1231 573 ipsi
1261 527 1434 573 praefatam
1463 528 1576 561 villain
1607 531 1639 561 in
1661 529 1788 572 campis
1816 531 1847 560 et
1867 526 1948 560 villa
1969 525 2010 559 ab
2031 528 2168 571 antiquo

299 595 464 625 tenuimus
504 596 532 624 et
565 590 786 636 possedimus.
830 588 908 622 nihil
934 589 1020 632 juris
1048 591 1274 634 proprietatis.
1309 600 1369 622 seu
1399 588 1534 623 dominii
1564 588 1659 622 nobis
1689 593 1719 621 et
1750 586 2004 621 successoribus
2034 588 2169 630 nostris7

299 658 481 696 nostroque
522 653 727 684 monasterio
765 652 795 683 in
825 649 903 682 villa
933 649 1049 682 eadem
1080 649 1322 694 relinquentes.
1366 649 1423 682 sed
1453 653 1555 682 totuin
1582 650 1638 693 jus
1668 653 1697 681 et
1730 648 1925 690 dominium.
1956 647 2044 693 quod
2073 647 2170 682 nobis

297 718 328 747 in
366 713 531 758 praedictis
569 711 664 744 bonis
704 710 929 756 competebat.
973 713 1005 743 in
1044 709 1210 744 antefatos
1246 710 1406 743 videlicet
1434 710 1676 743 VVenceslaum
1708 709 1830 742 dictum
1861 708 1902 742 de
1930 708 2110 754 Doloplass
2139 711 2173 741 et

298 773 396 806 filium
426 783 533 806 suum.
564 775 663 805 etiam
692 771 948 804 XVenceslauui.
988 770 1247 804 transducimus.
1276 770 1451 815 largimur.
1482 771 1699 805 conferimus.
1730 770 1829 815 pleno
1855 771 1932 813 jure
1962 774 1994 803 et
2024 769 2171 803 dominio

296 834 334 867 ad
366 837 467 867 vitain
498 844 614 867 eorum
645 832 817 867 duntaxat.
861 835 915 866 ita.
953 836 985 864 ut
1016 834 1076 877 ipsi
1106 831 1243 877 praefata
1273 831 1352 864 villa
1382 834 1428 864 uti
1457 836 1488 865 et
1518 831 1581 865 frui
1611 831 1767 873 debeant.
1811 834 1910 876 prout
1939 832 2021 876 ipsis
2050 830 2170 864 melius

297 894 464 928 videbitur
502 894 676 940 expedire.
721 896 792 927 sine
828 891 974 938 quolibet
1013 892 1263 938 impedimento.
1307 895 1418 937 quiete
1456 897 1487 925 et
1526 891 1665 938 pacifice
1704 892 1893 937 possidere,
1936 895 2170 934 manutenere,

297 967 419 1000 regere
448 954 553 988 libere
583 960 615 988 et
644 954 859 988 hereditarie.
904 957 934 987 et
965 956 992 986 si
1021 964 1105 986 unus
1135 953 1288 987 decedet.
1319 952 1413 995 alter.
1443 964 1501 986 seu
1532 953 1635 986 altera
1665 958 1838 998 superstes
1868 964 1906 986 ea
1937 952 2022 986 bona
2054 953 2168 998 possi-

297 1016 386 1050 debit
414 1016 512 1062 pleno
537 1017 615 1059 jure
645 1020 676 1049 et
706 1014 853 1048 dominio
883 1014 923 1047 ad
954 1019 1103 1059 tempora
1134 1016 1211 1047 vitae
1240 1025 1319 1048 suae.
1351 1017 1540 1048 eximentes
1569 1025 1628 1047 eos
1658 1013 1698 1047 ab
1728 1013 1882 1048 omuibus
1913 1014 2042 1047 donarii
2071 1012 2170 1058 (sic),

298 1077 438 1111 tributis.
470 1077 584 1110 daciis.
615 1075 859 1109 exactionibus.
890 1078 1011 1108 steuris
1040 1074 1210 1119 regalibus
1240 1079 1271 1108 et
1299 1074 1549 1120 principalibus.
1572 1074 1862 1108 monasterialibus
1883 1079 1915 1108 et
1935 1073 2172 1109 universaliter

298 1139 337 1173 ab
376 1137 529 1172 omnibus
567 1136 804 1171 vexationibus
843 1135 1106 1181 quibuscunque.
1164 1134 1245 1170 Cuin
1276 1140 1385 1169 autem
1416 1139 1541 1169 curiam
1573 1136 1781 1170 colonariam
1810 1138 1843 1170 in
1872 1135 1949 1169 villa
1979 1135 2170 1181 Dolopiam,

298 1211 394 1246 quam
432 1210 493 1245 pro
532 1210 620 1232 nunc
659 1201 745 1231 inter
781 1197 933 1231 homines
972 1196 1092 1230 ibidem
1123 1197 1311 1230 residentes
1342 1197 1381 1230 ad
1412 1196 1586 1231 colendum
1619 1197 1729 1230 divisit
1759 1197 1815 1230 vel
1844 1199 2012 1242 exposuit,
2055 1199 2170 1241 parata

297 1263 436 1307 pecunia
476 1259 516 1293 ab
555 1262 635 1305 ipsis
673 1258 863 1293 hominibus
902 1257 1055 1291 redimet.
1105 1262 1135 1290 et
1164 1268 1224 1303 per
1254 1261 1344 1303 ipsos
1373 1258 1481 1292 locata
1512 1259 1712 1304 possederit.
1744 1270 1787 1292 ex
1817 1263 1895 1292 tunc
1923 1262 1997 1304 post
2027 1261 2169 1292 mortem

298 1325 444 1367 ipsorum
485 1323 594 1354 onmia
638 1319 771 1353 mobilia
811 1319 864 1352 vel
905 1317 1084 1352 immobilia
1115 1321 1146 1351 in
1176 1321 1303 1364 campis
1332 1319 1370 1352 ad
1402 1320 1520 1353 dictam
1552 1323 1676 1353 curiam
1708 1319 1947 1364 spectantibus.
1977 1323 2009 1353 et
2037 1321 2070 1353 in
2098 1321 2170 1365 ipsa

299 1385 389 1416 curia
420 1380 682 1415 remanentibus.
713 1381 751 1413 ad
783 1391 844 1413 nos
874 1384 904 1413 et
934 1383 1083 1412 nostruin
1114 1382 1354 1413 monasterium
1383 1383 1455 1414 sine
1484 1380 1630 1426 quolibet
1660 1380 1833 1414 obstaculo
1863 1379 2015 1414 absolute
2042 1389 2170 1413 rever-

300 1449 419 1477 tentur.
451 1442 533 1476 Cum
564 1447 674 1476 autem
705 1442 857 1475 dominus
886 1443 1121 1474 universorum
1152 1439 1310 1485 praefalos
1340 1441 1497 1475 videlicet
1527 1441 1769 1475 wenceslaum
1790 1441 1912 1475 dictum
1934 1441 1974 1475 de
1993 1439 2173 1486 Doloplass

299 1505 465 1549 liliumque
504 1514 598 1537 suum
638 1502 878 1535 lVenceslauin
919 1512 961 1534 ex
1001 1500 1064 1534 boc
1104 1501 1228 1534 inundo
1264 1505 1474 1545 evocaverit.
1518 1505 1627 1535 statim
1667 1502 1832 1535 antedicta
1866 1501 1944 1535 villa
1974 1513 2049 1535 cum
2079 1503 2171 1535 curia

299 1566 467 1599 c‹5›l‹;›nai·ia
505 1575 578 1598 cuin
618 1563 771 1597 omnibus
805 1562 947 1607 juribus,
992 1562 1263 1607 proprietatibus.
1307 1562 1512 1608 appendiciis
1550 1567 1581 1597 et
1609 1566 1820 1609 pertinentiis
1849 1565 2031 1606 universis.
2074 1565 2172 1608 prout

297 1629 452 1671 superius
483 1628 684 1671 expositum.
717 1627 815 1657 etiam
846 1634 919 1657 cuin
950 1623 1049 1668 pleno
1075 1624 1152 1667 jure
1183 1628 1213 1656 et
1244 1623 1390 1656 dominio
1415 1623 1541 1668 absque
1562 1624 1800 1669 impedimento
1821 1623 2005 1658 haeredum.
2026 1633 2174 1657 succes-

297 1698 410 1721 sorum
448 1691 478 1719 et
518 1689 701 1719 amicorum
741 1695 1018 1730 quorumcunque
1048 1687 1120 1718 sine
1150 1684 1316 1718 solutione
1346 1687 1495 1730 pecuniae
1525 1685 1563 1718 ad
1594 1695 1655 1717 nos
1685 1689 1715 1717 et
1747 1689 1898 1718 nostruin
1929 1686 2169 1718 monasterium

298 1748 402 1781 libert¹
440 1752 469 1780 et
509 1746 663 1780 absolute
697 1750 922 1780 revertentur.
982 1745 1017 1778 ln
1058 1756 1197 1790 quorum
1238 1745 1379 1779 evidens
1416 1748 1640 1779 testiinonium
1677 1744 1784 1789 sig-iila
1821 1749 1936 1778 nostra
1974 1744 2103 1778 abbatis
2137 1747 2171 1778 et

297 1812 484 1842 conventus
514 1811 624 1841 auimo
654 1806 837 1840 deliberato
867 1811 896 1840 et
928 1806 968 1839 de
998 1810 1110 1839 nostra
1141 1811 1233 1839 certa
1262 1809 1401 1840 scientia
1432 1805 1652 1851 praesentibus
1682 1810 1759 1839 sunt
1789 1816 1947 1851 appensa.
1986 1805 2108 1839 Datum
2136 1808 2170 1838 et

299 1874 406 1903 actum
444 1872 477 1902 in
513 1868 709 1911 Wellegrad
750 1879 838 1901 anno
874 1868 997 1900 domini
1034 1866 1394 1901 MCCCLXXXXVII.
1435 1866 1517 1900 feria
1557 1871 1652 1899 sexta
1690 1866 1775 1900 infra
1807 1871 1946 1900 octavas
1975 1865 2169 1912 Epiphaniae

300 1930 421 1963 domiui
452 1932 555 1963 nostri
585 1928 665 1962 Jesu
697 1928 829 1962 Christi.

616 2034 763 2066 {Inseriert
789 2034 816 2058 in
842 2043 868 2058 11.
888 2034 975 2059 371.»

1149 2180 1295 2215 »ML

308 2258 449 2292 It'enz-el
486 2271 547 2292 ron
578 2258 750 2304 Doloplas
782 2260 848 2292 und
876 2260 948 2291 selu
979 2258 1074 2292 Solen
1105 2258 1279 2301 erliliiren.
1311 2258 1391 2291 (lass
1419 2259 1470 2290 sie
1501 2268 1571 2289 rom
1604 2256 1745 2290 Istos-ter
1783 2256 1956 2291 l⁷elelerad
1984 2257 2048 2291 das
2077 2255 2175 2300 Dorf

430 2319 602 2364 Doloplas
632 2332 682 2352 um
714 2320 788 2353 200
819 2318 920 2352 Δ110141·
951 2318 1086 2362 Ριτιῃρν
1117 2318 1293 2352 Grosclzeli
1323 2320 1389 2362 (ms
1412 2318 1486 2351 ihre
1518 2317 1721 2351 Lelumszeit
1748 2317 1893 2362 ,qelfauft
1921 2317 2043 2351 haben.

956 2380 1010 2412 ΠΙ.
1047 2380 1103 2413 13.
1134 2379 1266 2413 Jtilmer
1301 2378 1406 2412 1397.
1438 2392 1464 2412 x.
1496 2379 1516 2411 l.

456 2457 550 2520 Ego
595 2476 820 2509 lVenceslaus
865 2475 904 2509 de
956 2475 1127 2521 Doloplas.
1173 2487 1235 2509 una
1280 2485 1353 2508 cuiu
1397 2474 1463 2507 filio
1503 2486 1576 2507 meo
1620 2474 1827 2508 Wenceslao
1864 2477 2010 2517 nomine,
2054 2479 2172 2508 tenore

302 2540 512 2582 prwsentinm
545 2539 822 2581 recog-noscinuis
851 2539 1031 2570 universis.
1062 2547 1125 2570 nos
1155 2537 1266 2570 villam
1298 2535 1475 2581 Doloplass
1505 2547 1579 2569 cuin
1609 2535 1763 2569 omnibus
1793 2538 1861 2570 suis
1877 2535 2022 2580 Juribus‚
2043 2535 2170 2578 usibUS‚

302 2597 558 2643 proprietatilnis
587 2602 617 2630 et
648 2600 856 2643 pertinentiis
886 2597 970 2643 apud
1002 2597 1198 2631 venerande
1228 2597 1400 2641 religionis
1430 2599 1521 2629 viros
1551 2601 1581 2629 et
1611 2596 1775 2630 dominos.
1813 2596 1981 2630 dominum
2016 2594 2170 2630 abbatem

302 2663 331 2691 ct
369 2663 571 2691 conventum
612 2661 641 2691 in
678 2658 862 2691 lVelelirad
895 2662 956 2691 rite
986 2663 1018 2691 et
1047 2657 1288 2691 rationabiliter
1316 2659 1493 2702 emptionis
1522 2657 1613 2690 titulo
1643 2668 1702 2703 pro
1733 2657 1884 2691 ducentis
1914 2659 2035 2691 marcis
2063 2666 2170 2701 gros-
