2313 3090
1018 193 1059 226 17

103 296 254 329 dominos
284 300 400 329 sancte
420 295 574 330 Romane
603 296 748 329 ecclesie
770 297 958 330 cardinales
980 297 1212 344 infrascriptos
1245 309 1308 331 una
1331 309 1404 331 cum
1427 302 1568 343 quatuor
1588 301 1816 332 instrumentis
1838 298 1975 344 publicis

102 356 262 390 dictarum
302 359 397 391 trium
435 356 683 390 diffinitivarum
715 362 744 390 et
775 357 1094 403 condempnacionis
1128 361 1374 392 sentenciarum
1406 363 1504 404 atque
1534 362 1721 393 taxacionis
1751 370 1975 405 expensarum

102 421 132 452 in
171 429 208 452 se
246 421 456 452 continentes
493 418 610 461 sigillis
649 418 810 452 dictorum
856 419 1217 453 reverendissimorum
1262 423 1294 453 in
1330 419 1464 453 Christo
1506 424 1636 466 patrum
1681 425 1711 454 et
1755 420 1977 453 dominorum.

103 479 258 513 videlicet
294 479 465 514 Francisci
505 483 610 514 sancti
640 479 811 514 Eustachii
841 480 973 513 diaconi
1012 485 1041 513 et
1073 480 1182 513 Permi
1211 480 1291 513 tituli
1321 485 1437 513 sancte
1458 480 1640 514 Anastasie
1670 492 1709 514 ac
1739 480 1867 514 Nicolai
1897 481 1978 514 tituli

101 543 207 574 sancti
237 539 359 574 Ciriaci
388 540 654 587 presbiterorum
685 545 800 574 sancte
829 540 983 574 Romane
1014 541 1159 574 ecclesie
1189 541 1406 574 cardinalium
1437 552 1497 587 pro
1528 541 1713 575 honorabili
1745 545 1818 575 viro
1843 542 1977 575 domino

103 600 284 634 Wilhelmo
315 600 545 646 Kortelangen
575 604 738 635 canonico
769 602 912 635 ecclesie
943 601 1177 635 Olomucensis
1208 607 1235 635 ct
1268 608 1383 636 contra
1415 602 1557 636 Crucem
1588 602 1720 636 Alberti
1759 603 1799 636 de
1829 602 1976 647 Cziruyn

100 662 299 708 predictum,
329 668 536 696 asserentem
567 674 603 696 se
632 668 828 708 perpetuum
860 665 1021 696 vicarium
1053 663 1140 695 dicte
1170 663 1314 697 ecclesie
1346 664 1579 697 Olomuccnsis
1600 664 1739 697 latarum
1763 668 1792 697 et
1815 663 1976 697 saetarum

101 733 184 756 vera
222 722 310 757 bulla
349 723 501 769 plumbea
532 727 635 769 ipsius
665 723 787 757 domini
819 726 947 757 nostri.
980 751 986 756 .
1019 751 1025 756 .
1059 724 1107 768 ,Ὅ
1138 727 1226 757 omni
1256 735 1395 770 prorsus
1427 728 1513 758 vicio
1544 729 1574 758 et
1605 727 1797 770 suspicione
1827 729 1976 758 carente.

101 782 197 817 nobis
235 795 295 830 pcr
332 785 454 818 dictum
493 785 662 818 dominum
701 784 920 818 Vl‘illielmum
957 784 1187 829 Kortelangen
1227 796 1339 818 coram
1381 788 1509 818 notario
1541 785 1672 831 publico
1708 790 1738 818 et
1769 784 1908 819 testibus
1938 785 1977 818 ad

102 843 165 877 hoc
195 845 387 890 specialiter
415 848 582 891 requisitis
611 850 823 891 presentatas
853 851 884 879 et
914 856 973 891 per
1003 856 1064 879 nos
1093 856 1168 878 cuiu
1200 849 1399 879 reverencia
1429 857 1492 891 qua
1519 846 1627 880 decuit
1650 849 1795 892 receptis
1816 846 1978 891 nobisqm¹

101 905 221 939 deinde
242 916 302 951 per
318 905 439 939 dictum
462 906 630 940 dominum
648 906 866 940 VVilhelmum
890 906 999 940 debite
1020 909 1199 952 requisitis.
1230 911 1261 939 ut
1293 907 1332 940 ad
1359 910 1602 941 execucionem
1624 910 1768 953 ipsarum
1791 907 1978 953 procedere

99 965 317 1011 dignaremur
346 970 435 1000 iuxta
467 967 648 1001 earundem
680 970 925 1001 continenciam
957 972 986 1000 et
1019 971 1183 1000 tenorem.
1213 965 1351 1012 Nosque
1382 971 1467 1001 inter
1496 972 1608 1001 cetera
1640 971 1783 1014 ipsarum
1807 968 1975 1002 literarum

99 1027 359 1072 apostolicarum
382 1031 503 1073 vigore
524 1031 555 1061 in
578 1031 789 1062 execucione
811 1032 881 1074 ipsa
907 1030 1003 1073 juxta
1028 1056 1034 1061 .
1057 1056 1063 1062 .
1087 1056 1093 1061 .
1130 1029 1312 1062 eorundum
1330 1028 1500 1062 literarum
1519 1029 1742 1074 procedentes
1759 1029 1976 1062 willielmum

99 1087 139 1121 ad
151 1091 411 1134 percepcionem
426 1089 575 1123 eiusdem
590 1100 698 1123 annue
710 1093 886 1136 pensionis
899 1090 1055 1123 videlicet
1068 1092 1186 1134 viginti
1199 1094 1274 1123 octo
1285 1089 1497 1123 marcharum
1512 1090 1765 1124 moravicalium
1779 1101 1976 1126 grossorum

98 1152 313 1194 pragensium
344 1152 375 1183 in
405 1155 562 1196 quantum
593 1154 759 1196 potuimus
790 1154 972 1197 inscriptis
1003 1153 1208 1184 restituimus
1229 1155 1260 1183 et
1282 1154 1579 1195 reintegravimus.
1601 1155 1834 1184 ammonentes
1855 1151 1978 1184 exinde

98 1208 220 1243 dictum
260 1209 402 1244 Crucem
438 1211 570 1245 Alberti
607 1217 639 1245 et
675 1212 856 1258 quemlibet
893 1213 991 1246 alium
1037 1212 1246 1245 detentorem
1289 1211 1375 1245 dicte
1419 1224 1528 1246 annue
1566 1215 1736 1258 pensionis
1779 1215 1978 1246 auctoritate

98 1270 246 1316 predicta
284 1272 326 1305 de
363 1273 481 1306 eadem
518 1276 692 1319 ipsumque
729 1274 898 1307 dommum
937 1272 1155 1306 Wilhelmum
1192 1275 1380 1306 restitutum
1419 1277 1450 1307 et
1487 1276 1728 1318 reintegratum
1767 1276 1857 1306 iuxta
1897 1276 1978 1307 iuris

98 1334 311 1377 exigenciam
351 1333 485 1367 defendi
524 1333 654 1380 sibique
693 1334 734 1368 de
768 1334 853 1368 dicta
893 1337 1056 1380 pensione
1095 1336 1190 1367 annis
1229 1334 1381 1378 singulis,
1420 1344 1594 1379 quousque
1633 1345 1733 1368 causa
1762 1336 1977 1380 proprietatis

97 1396 274 1427 terminata
303 1393 404 1437 foret,
434 1394 495 1428 sibi
526 1396 581 1429 vel
611 1398 682 1429 eius
711 1398 923 1442 procuratori
954 1406 1014 1440 pro
1045 1405 1085 1429 eo
1114 1397 1248 1440 integre
1278 1394 1418 1429 mederi.
1456 1405 1588 1428 necnon
1617 1395 1659 1428 de
1696 1397 1859 1441 pensione
1893 1394 1978 1429 sub-

100 1458 204 1488 tracta
234 1459 266 1488 et
295 1454 501 1490 florenorum
531 1459 670 1490 summis
700 1456 888 1491 huiusmodi
918 1466 978 1502 pro
1009 1456 1104 1489 dictis
1134 1458 1293 1502 expensis
1315 1459 1404 1489 iuxta
1427 1456 1610 1490 earundem
1631 1456 1977 1502 condempnacionum

97 1519 130 1548 et
158 1519 372 1550 taxacionum
394 1521 529 1551 tenores
550 1517 681 1564 plenam
705 1523 734 1552 et
766 1517 910 1551 debitam
941 1516 1211 1551 satisfaccionem
1234 1516 1378 1562 impendi
1405 1517 1648 1550 mandavimus.
1680 1521 1775 1563 prout
1795 1520 1829 1567 in
1851 1517 1976 1551 eisdem

99 1575 215 1610 litteris
255 1578 447 1623 apostolicis
483 1582 689 1613 executoriis
719 1579 826 1613 dictis.
868 1581 1095 1612 instrumentis
1125 1582 1157 1611 et
1185 1577 1402 1623 processibus
1432 1578 1561 1623 plenuis
1591 1581 1791 1611 continetur.
1822 1589 1862 1612 ac
1892 1581 1979 1611 inter

98 1641 212 1671 cetera
233 1649 351 1672 omnes
372 1639 455 1673 alios
477 1644 507 1673 et
524 1640 686 1685 singulos.
705 1640 823 1685 quibus
845 1640 951 1673 dictus
969 1643 1084 1673 noster
1099 1649 1281 1684 processus
1298 1638 1506 1683 dirigebatur
1522 1642 1745 1672 communiter
1760 1639 1815 1672 vel
1833 1639 1978 1672 divisim.

101 1701 299 1732 auctoritate
315 1701 499 1746 apostolica
516 1712 579 1746 qua
606 1701 830 1745 fungebamur
852 1704 882 1734 in
905 1712 942 1733 ea
965 1705 1072 1746 parte.
1102 1703 1210 1746 primo
1231 1700 1380 1733 secundo
1398 1703 1503 1733 tercio
1525 1704 1555 1733 et
1576 1703 1806 1746 peremptorio
1837 1703 1979 1733 termino

99 1769 138 1793 ac
173 1763 363 1794 monicione
401 1765 563 1795 canonica
593 1765 757 1808 premissa
797 1765 1036 1807 requisivimus
1065 1765 1096 1795 et
1127 1763 1315 1794 monuimus
1344 1763 1474 1806 ipsique
1502 1760 1738 1794 nichilominus
1769 1764 1801 1794 et
1831 1764 1977 1806 ipsorum

99 1820 233 1854 cuilibet
261 1824 293 1855 111
321 1825 446 1856 virtute
475 1828 591 1857 sancte
621 1823 818 1857 obediencie
849 1827 880 1855 et
909 1821 969 1856 sub
990 1825 1085 1868 penis
1110 1825 1143 1855 in
1173 1822 1259 1855 dicto
1280 1826 1397 1855 nostro
1418 1832 1578 1867 processu
1601 1824 1766 1855 contentis
1787 1826 1819 1855 et
1838 1821 1978 1855 inferius

99 1880 286 1928 descriptis7
324 1882 473 1917 districte
510 1884 728 1930 precipiendo
765 1884 1009 1917 mandavimus.
1049 1885 1202 1928 quatinus
1236 1882 1320 1916 infra
1352 1893 1413 1916 sex
1444 1882 1571 1916 dierum
1602 1885 1749 1928 spacium
1780 1886 1856 1928 post.
1884 1885 1977 1915 noti—

99 1940 295 1977 ficacionem
325 1948 358 1977 et
386 1947 650 1979 insinuacionem
679 1945 850 1979 literarum
873 1945 1144 1990 apostolicarum.
1176 1947 1471 1977 instrumentorum
1495 1948 1525 1976 et
1546 1953 1728 1988 processus
1749 1943 1976 1988 predictorum

98 2002 159 2036 sibi
196 2004 253 2038 vel
289 2005 385 2038 alteri
420 2016 536 2039 eorum
576 2005 685 2049 factis,
723 2017 863 2051 quorum
902 2017 964 2039 sex
1003 2006 1131 2039 dierum
1172 2007 1255 2040 duos
1292 2018 1353 2053 pro
1392 2009 1512 2052 primo.
1553 2006 1637 2040 duos
1675 2017 1736 2052 pro
1767 2006 1916 2040 secundo
1946 2010 1977 2037 et

98 2063 246 2109 reliquos
274 2065 357 2099 duos
387 2066 459 2100 dies
489 2070 567 2112 ipsis
597 2070 765 2101 universis
796 2072 825 2100 et
857 2067 998 2111 singulis
1026 2078 1088 2113 pro
1117 2070 1223 2100 tercio
1253 2071 1283 2100 et
1305 2070 1533 2113 peremptorio
1554 2070 1698 2100 termino
1721 2078 1760 2100 ac
1787 2069 1976 2100 monicione

99 2128 259 2159 canonica
297 2126 493 2172 prefixiinus
522 2133 555 2162 et
592 2131 852 2173 assignavimus.
880 2129 1011 2174 prefato
1042 2129 1176 2162 domino
1205 2128 1390 2162 VVilbelmo
1420 2128 1651 2171 Kortelangen
1682 2128 1722 2161 de
1752 2128 1837 2160 dicta
1868 2137 1974 2159 annua

98 2189 272 2231 pensione,
310 2192 407 2234 prout
445 2189 486 2222 ad
516 2191 606 2235 ipsos
637 2194 665 2223 et
702 2193 850 2235 ipsorum
879 2189 1061 2235 quemlibet
1088 2192 1284 2235 pertineret.
1316 2190 1561 2235 responderent
1595 2192 1727 2234 integre
1757 2193 1787 2221 et
1824 2187 1973 2221 facerent

98 2246 140 2280 ab
160 2246 243 2283 aliis.
273 2253 429 2293 quantum
452 2252 483 2283 in
504 2253 583 2296 ipsis
613 2254 715 2285 esset.
746 2250 895 2296 plenarie
925 2250 1135 2295 responderi.
1166 2253 1342 2296 ipsumque
1372 2250 1540 2284 dominum
1571 2249 1789 2283 VVilbelmum
1830 2250 1974 2293 permit-

99 2313 207 2342 terent
235 2309 322 2342 dicte
351 2320 460 2343 annue
489 2314 714 2356 possessionis
743 2311 839 2357 plena
871 2316 901 2344 et
936 2310 1074 2356 pacifica
1115 2314 1332 2356 possessione
1370 2310 1497 2357 perfrui
1533 2314 1564 2344 et
1601 2311 1762 2355 gaudere.
1820 2309 1873 2342 Ac
1903 2310 1974 2354 ipse

98 2368 191 2403 Crux
226 2369 357 2404 Alberti
395 2371 436 2404 de
472 2371 630 2417 predictis
669 2371 814 2405 marchis
844 2384 862 2405 a
900 2377 1052 2418 tempore
1081 2371 1326 2406 subtraccionis
1365 2376 1397 2405 et
1434 2371 1530 2417 spolii
1561 2374 1642 2404 citra
1672 2372 1841 2416 perceptis
1871 2373 1904 2402 et
1933 2369 1974 2402 de

98 2435 230 2464 centum
269 2435 302 2464 et
338 2434 471 2475 triginta
512 2431 647 2466 florenis
686 2436 757 2466 auri
796 2432 836 2466 de
875 2444 1011 2466 camera
1050 2432 1127 2466 boni
1164 2437 1196 2466 et
1235 2435 1308 2467 iusti
1348 2432 1518 2478 ponderis.
1556 2435 1586 2465 in
1617 2430 1734 2476 quibus
1765 2430 1850 2464 idem
1882 2429 1973 2464 Crux

98 2492 186 2525 dicto
215 2492 350 2525 domino
380 2491 563 2525 wilhelmo
592 2494 844 2527 sentencialiter
873 2494 1137 2540 condempnatus
1166 2499 1235 2527 erat
1272 2497 1406 2527 nomine
1437 2504 1662 2538 expensarum
1694 2495 1723 2524 in
1756 2491 1842 2525 dicta
1873 2502 1973 2524 causa

256 2643 273 2659 2⁴.-
313 2643 442 2668 Mehrert·
475 2644 685 2677 nac-lifolgende
721 2644 1035 2679 U'ortc‚tuileserlicln
1069 2644 1104 2667 ila
1143 2644 1186 2667 di<-
1223 2643 1306 2667 'tinto
1344 2643 1432 2667 ‹lurcb
1470 2644 1523 2666 ‹ln-n
1566 2642 1678 2675 Einbug
1710 2641 1745 2665 1111
1787 2641 1973 2675 Pcrgaincute

97 2695 251 2721 verwiseht
274 2694 320 2722 ist.
