2313 3090
1140 251 1187 254 μ
1207 198 1280 232 360

323 306 500 340 arbitratus
531 311 590 340 est.
630 306 776 339 decimus
808 306 938 348 frugum
971 306 1116 337 maiores
1146 308 1176 337 et
1207 307 1354 336 minores
1384 302 1536 335 villarum
1568 301 1723 335 videlicet
1752 300 1973 343 Radnowicz‚
2004 300 2193 335 Petrowicz

322 373 351 401 et
391 367 488 401 Nove
519 368 619 400 Yille.
661 378 761 411 super
791 365 907 410 quibus
937 367 1008 409 ipse
1036 369 1148 409 partes
1178 367 1209 397 iu
1240 366 1331 397 curia
1360 362 1511 396 Romana
1543 374 1580 396 ac
1611 373 1723 395 coram
1754 364 1833 407 ipsis
1862 361 1995 395 arbitris
2024 361 2195 406 litigarunt

323 434 352 462 et
383 432 554 462 materiam
587 428 830 461 dissensionum
863 425 1061 458 babuerunt.
1091 427 1292 470 pertinuisse
1322 435 1360 457 ac
1389 427 1570 469 pertinere.
1592 427 1765 468 spectasse
1785 427 1817 456 et
1837 426 2003 468 spectare,
2024 425 2194 468 pertinere

323 501 361 523 ac
392 494 545 534 spectare
585 488 708 521 debere
740 491 769 520 iu
801 487 943 519 futurum
975 486 1015 519 ad
1046 486 1152 518 dictos
1182 485 1334 518 dominos
1363 484 1517 518 abbatem
1549 489 1578 517 et
1609 487 1813 517 conventum
1844 485 2038 516 monasterii
2067 485 2098 516 in
2126 481 2194 516 Zar

324 554 538 595 ipsorumque
568 559 798 582 successores.
830 548 1033 592 easdemque
1064 547 1211 580 decimas
1242 545 1351 579 debite
1380 557 1489 579 annue
1518 547 1713 591 percepisse
1743 555 1781 578 ac
1811 546 1987 590 percipere
2016 543 2141 578 debere
2160 545 2195 576 in

324 611 467 644 futurum
498 622 536 642 ac
567 609 759 654 possedisse
789 612 819 641 et
849 608 1025 653 possidere
1055 612 1085 640 et
1115 610 1146 640 in
1176 610 1392 653 possessione
1418 608 1504 650 juris
1534 605 1740 651 percipiendi
1762 604 1898 638 eosdem
1921 615 1998 639 esse
2019 615 2058 638 ac
2078 604 2194 648 fuisse,

324 674 612 717 prescriptumque
643 670 809 703 domiuum
841 669 1039 702 Damianmn
1061 668 1206 701 ecclesie
1227 679 1286 701 sue
1306 671 1441 701 nomine
1463 668 1568 701 dictos
1589 666 1741 700 dominos
1763 665 1915 700 abbatem
1938 670 1970 699 et
1990 664 2194 699 conve'ntum

323 731 466 765 indebite
497 736 526 764 et
557 734 675 763 iniuste
705 741 806 775 super
835 730 929 762 dictis
960 729 1097 762 decimis
1128 733 1156 761 et
1183 729 1261 772 jure
1290 730 1522 774 percepcionis
1543 727 1725 761 earundem
1746 726 1976 772 impedivisse,
1996 725 2195 761 molestasse

324 798 354 825 et
394 791 621 837 perturbasse,
667 794 836 836 ipsiusque
874 790 1122 836 impedimenta.
1168 789 1425 823 molestaciones
1455 793 1487 823 et
1522 787 1800 834 perturbaciones
1830 787 1933 821 fuisse
1963 798 2003 820 ac
2031 797 2108 822 esse
2136 789 2194 820 in—

325 857 419 886 iusta.
452 856 600 886 iniustas,
632 852 744 885 illicita
775 856 805 885 et
837 852 967 885 illicitas
997 855 1027 884 et
1059 849 1191 883 defacto
1222 854 1442 895 presumptas.
1474 855 1503 883 et
1535 852 1596 895 ipsi
1626 848 1947 894 successoribusque
1976 850 2044 881 suis
2074 852 2107 881 et
2135 858 2195 881 sue

324 914 467 947 ecclesie
497 924 597 958 super
626 913 721 946 dictis
752 912 901 948 decimis
931 914 1156 958 percepcione
1187 911 1380 944 earundem.
1412 910 1667 956 impedimentis.
1690 908 1985 944 molestacionihus
2004 913 2037 942 et
2055 912 2195 954 pertur-

325 973 519 1008 bacionibus
549 976 744 1019 prescriptis
774 977 970 1019 perpetuum
1002 973 1175 1005 silenciuin
1206 972 1440 1018 imponendum
1473 977 1503 1005 et
1534 974 1699 1017 inposuit:
1729 969 1769 1004 ab
1799 970 1873 1004 aliis
1902 980 1987 1004 vero
2015 980 2076 1016 per
2104 971 2196 1015 ipsos

325 1036 476 1068 dominos
507 1034 659 1067 abbatem
690 1038 722 1067 et
751 1038 954 1068 conventum
986 1036 1096 1079 petitis
1125 1036 1231 1078 ipsum
1255 1033 1422 1066 dominum
1443 1033 1642 1067 Damianum
1665 1036 1695 1065 et
1716 1034 1819 1077 ipsius
1840 1031 2019 1065 ecclesiam
2039 1029 2195 1073 absolvit,

324 1101 354 1129 et
403 1106 570 1140 expensas
609 1106 670 1140 per
706 1098 796 1140 ipsas
834 1099 946 1140 partes
986 1094 1142 1128 hincinde
1181 1094 1286 1127 factas
1326 1097 1557 1140 compensavit
1596 1098 1627 1127 et
1664 1093 1899 1126 nichilominus
1937 1091 1998 1126 sibi
2036 1096 2069 1126 et
2107 1091 2196 1125 dicto

326 1160 486 1201 magistro
523 1155 665 1189 Nicolao
703 1155 852 1189 Puchnik
883 1155 1151 1189 declaracionem
1182 1160 1214 1188 et
1243 1158 1559 1201 interpretacionem
1590 1155 1677 1188 dicte
1706 1155 2033 1199 pronuncciacionis,
2075 1155 2103 1187 si
2131 1163 2196 1198 que

324 1218 420 1250 dubia
451 1221 483 1250 in
516 1217 632 1250 eadem
665 1220 876 1250 emerserint.
917 1216 1046 1261 plenam
1078 1220 1276 1261 potestatem
1307 1219 1510 1250 reservavit.
1542 1216 1648 1257 Quam
1679 1214 1810 1260 quidem
1840 1216 2195 1260 pronuncciacionern‚

324 1278 453 1312 laudum
486 1280 560 1311 sive
590 1277 761 1311 arbitrium
794 1289 872 1311 mox
902 1277 1021 1311 ibidem
1053 1276 1259 1311 honorabilis
1289 1281 1341 1311 vir
1371 1281 1532 1321 magister
1552 1276 1728 1310 Conradus
1749 1276 1790 1309 de
1810 1275 2194 1321 Braclisijurisperitus7

324 1339 507 1372 advocatus
538 1341 728 1372 consistorii
759 1342 851 1372 curie
881 1338 1178 1384 archiepiscopalis
1207 1337 1388 1382 Pragensis
1417 1348 1547 1371 necnon
1578 1337 1727 1371 sindicus
1757 1341 1788 1370 et
1810 1341 2010 1382 procurator
2030 1336 2195 1370 dictorum

325 1401 534 1433 dominorum
565 1399 693 1433 abbatis
723 1404 753 1433 et
785 1404 971 1433 conventus
1002 1402 1195 1432 monasterii
1226 1402 1257 1432 in
1286 1398 1363 1432 Zar.
1398 1410 1462 1444 quo
1493 1402 1645 1444 superius
1675 1401 1822 1435 nomine.
1853 1397 2064 1444 approbavit,
2094 1408 2195 1432 emo-

325 1461 451 1505 logavit
487 1465 517 1494 et
557 1459 733 1494 ratificavit
773 1465 890 1506 petens
926 1459 987 1493 sibi
1027 1470 1090 1505 quo
1128 1463 1282 1505 superius
1311 1463 1445 1493 nomine
1475 1460 1515 1493 dc
1545 1458 1697 1493 omnibus
1729 1464 1759 1492 et
1790 1459 1929 1504 singulis
1959 1461 2196 1505 suprascriptis

325 1533 385 1566 per
415 1533 467 1554 me
496 1524 661 1555 notarium
693 1521 857 1567 publicum
888 1521 1136 1567 infrascriptum
1168 1520 1238 1554 lieri
1268 1525 1299 1553 et
1330 1519 1449 1554 confici
1479 1531 1576 1553 unum
1608 1520 1662 1553 vel
1690 1520 1783 1565 plura
1805 1519 1974 1566 publicum
1990 1519 2196 1566 seupublica

325 1586 578 1615 instrumentum
618 1593 677 1615 seu
715 1584 946 1615 instrumenta.
992 1581 1087 1622 Quod
1118 1582 1249 1627 quidem
1280 1581 1445 1627 publicum
1476 1585 1730 1615 instrumentum
1761 1583 1984 1626 prenominati
2013 1581 2136 1615 domini
2165 1585 2198 1614 et

324 1646 475 1687 magistri
505 1642 614 1675 Adam
645 1642 874 1688 supet-arbiter
904 1646 932 1675 et
964 1641 1122 1675 Nicolaus
1152 1642 1302 1676 Puclinik
1332 1642 1457 1676 arbiter
1477 1643 1515 1675 ad
1533 1644 1733 1688 peticionem
1754 1645 1856 1687 ipsius
1879 1644 2029 1686 magistri
2050 1641 2197 1676 Conradi

324 1704 363 1737 de
393 1702 533 1745 Braclis.
565 1714 629 1747 quo
659 1706 814 1748 superius
844 1706 990 1738 nomine.
1022 1706 1169 1748 ipsorum
1199 1704 1384 1748 sigillorum
1417 1706 1632 1749 appensione.
1664 1701 1780 1747 quibus
1810 1702 1849 1735 ad
1880 1713 2021 1748 presens
2049 1707 2197 1747 utuntur,

319 1766 491 1808 jusserunt
531 1767 741 1797 communiri.
802 1765 886 1797 Actu
927 1768 1001 1797 sunt
1041 1763 1103 1797 hec
1143 1764 1354 1809 presentibus
1394 1763 1643 1798 honorabilibus
1680 1768 1710 1796 et
1750 1763 1904 1796 discretis
1943 1765 2025 1797 viris
2055 1763 2196 1797 dominis

325 1825 463 1869 tigerio.
517 1829 712 1858 correctore
764 1824 845 1858 cleri
898 1825 1042 1858 diocesis
1086 1824 1279 1869 Pragensis.
1332 1825 1471 1859 Nicolao
1515 1824 1679 1870 quondam
1723 1823 1886 1857 Johannis
1929 1824 1970 1857 de
2013 1822 2198 1870 Cremsyer

324 1886 531 1932 presbiteris.
562 1886 660 1919 Petro
691 1885 889 1919 wenceslai
919 1886 960 1919 de
989 1886 1160 1919 Letowicz
1190 1889 1332 1920 notario.
1364 1886 1516 1920 familiari
1548 1885 1624 1919 dicti
1654 1887 1804 1929 magistri
1827 1883 1972 1918 Conradi
1993 1885 2034 1919 de
2055 1884 2196 1928 Braclis⁷

323 1947 476 1980 Jaroslao
515 1946 735 1992 Manyesonis
775 1947 815 1979 de
846 1946 982 1979 Osslerz
1012 1951 1043 1980 et
1074 1946 1241 1981 Stanislao
1271 1947 1437 1992 q‘uondam
1466 1946 1661 1980 Wenceslai
1692 1946 1732 1979 de
1763 1944 1872 1979 Grecz
1902 1945 2035 1991 Regine
2064 1946 2197 1981 clericis

326 2008 504 2045 Praffensis
541 2012 569 2041 et
612 2007 846 2041 Olomucensis
877 2007 1059 2041 *diocesum
1105 2008 1329 2053 predictarum
1370 2013 1401 2041 et
1439 2007 1510 2041 aliis
1540 2006 1687 2053 pluribus
1731 2006 1870 2040 testibus
1900 2006 2077 2052 fidedignis
2106 2010 2196 2042 circa

324 2073 497 2114 premissa.

480 2130 519 2163 Et
557 2130 640 2175 ego
663 2129 821 2163 Nicolaus
852 2130 1017 2175 quondam
1048 2129 1171 2163 Mathie
1203 2130 1243 2163 de
1273 2129 1383 2163 Bruna
1416 2130 1648 2162 Olomuccnsis
1679 2128 1824 2162 diocesis
1853 2128 2004 2174 publicus
2033 2129 2198 2175 imperiali

325 2194 522 2224 auctoritate
552 2194 700 2224 notarius
731 2195 793 2224 etc.
1146 2195 1149 2199 ’

637 2277 730 2313 [tu-ig,
766 2278 846 2309 l'ery-r.
882 2278 897 2302 ἶ.)
932 2278 958 2303 li,
993 2278 1051 2311 Sig.
1088 2279 1123 2303 in·
1158 2278 1282 2303 Archiv-2
1320 2279 1369 2303 «les
1395 2278 1526 2303 Klnstcrs
1551 2276 1621 2303 Sani·
1647 2277 1688 2303 lit.
1714 2278 1748 2303 A.
1777 2287 1801 2303 n.
1831 2278 1866 2302 Ῑῖ
1895 2278 1930 2303 im
1957 2278 2044 2303 miilir.
2070 2277 2197 2304 Laudes-

532 2330 681 2356 Arc-hired

1207 2424 1315 2459 395.

1060 2502 1152 2546 Pras]
1181 2501 1215 2536 3.
1247 2503 1324 2536 Mae·
1352 2501 1461 2536 1397.

482 2578 689 2634 ''arlieral'
733 2598 842 2632 .lodok
889 2598 1056 2642 bestauigt
1094 2598 1203 2632 denen
1242 2609 1308 2632 von
1348 2597 1556 2642 Vinzelbcrg
1595 2598 1647 2631 dic
1686 2598 1912 2641 Besitzungen
1951 2609 1991 2632 zu
2030 2597 2197 2633 Rochow.

655 2687 751 2711 ltienlel
779 2686 849 2714 (ἰν-1,
876 2686 981 2712 Brund,
1009 2686 1043 2711 Α,
1072 2686 1106 2712 Χ.
1136 2687 1217 2721 134.)
